%YAML 1.1
%TAG !u! tag:unity3d.com,2011:
--- !u!29 &1
OcclusionCullingSettings:
  m_ObjectHideFlags: 0
  serializedVersion: 2
  m_OcclusionBakeSettings:
    smallestOccluder: 5
    smallestHole: 0.25
    backfaceThreshold: 100
  m_SceneGUID: 00000000000000000000000000000000
  m_OcclusionCullingData: {fileID: 0}
--- !u!104 &2
RenderSettings:
  m_ObjectHideFlags: 0
  serializedVersion: 7
  m_Fog: 0
  m_FogColor: {r: 0.5, g: 0.5, b: 0.5, a: 1}
  m_FogMode: 3
  m_FogDensity: 0.01
  m_LinearFogStart: 0
  m_LinearFogEnd: 300
  m_AmbientSkyColor: {r: 0.212, g: 0.227, b: 0.259, a: 1}
  m_AmbientEquatorColor: {r: 0.114, g: 0.125, b: 0.133, a: 1}
  m_AmbientGroundColor: {r: 0.047, g: 0.043, b: 0.035, a: 1}
  m_AmbientIntensity: 1
  m_AmbientMode: 0
  m_SkyboxMaterial: {fileID: 10304, guid: 0000000000000000f000000000000000, type: 0}
  m_HaloStrength: 0.5
  m_FlareStrength: 1
  m_FlareFadeSpeed: 3
  m_HaloTexture: {fileID: 0}
  m_SpotCookie: {fileID: 10001, guid: 0000000000000000e000000000000000, type: 0}
  m_DefaultReflectionMode: 0
  m_DefaultReflectionResolution: 128
  m_ReflectionBounces: 1
  m_ReflectionIntensity: 1
  m_CustomReflection: {fileID: 0}
  m_Sun: {fileID: 0}
  m_IndirectSpecularColor: {r: 0, g: 0, b: 0, a: 1}
--- !u!157 &3
LightmapSettings:
  m_ObjectHideFlags: 0
  serializedVersion: 7
  m_GIWorkflowMode: 0
  m_GISettings:
    serializedVersion: 2
    m_BounceScale: 1
    m_IndirectOutputScale: 1
    m_AlbedoBoost: 1
    m_TemporalCoherenceThreshold: 1
    m_EnvironmentLightingMode: 0
    m_EnableBakedLightmaps: 1
    m_EnableRealtimeLightmaps: 1
  m_LightmapEditorSettings:
    serializedVersion: 4
    m_Resolution: 2
    m_BakeResolution: 40
    m_TextureWidth: 1024
    m_TextureHeight: 1024
    m_AO: 0
    m_AOMaxDistance: 1
    m_CompAOExponent: 1
    m_CompAOExponentDirect: 0
    m_Padding: 2
    m_LightmapParameters: {fileID: 0}
    m_LightmapsBakeMode: 1
    m_TextureCompression: 1
    m_DirectLightInLightProbes: 1
    m_FinalGather: 0
    m_FinalGatherFiltering: 1
    m_FinalGatherRayCount: 256
    m_ReflectionCompression: 2
  m_LightingDataAsset: {fileID: 0}
  m_RuntimeCPUUsage: 25
--- !u!196 &4
NavMeshSettings:
  serializedVersion: 2
  m_ObjectHideFlags: 0
  m_BuildSettings:
    serializedVersion: 2
    agentTypeID: 0
    agentRadius: 0.5
    agentHeight: 2
    agentSlope: 45
    agentClimb: 0.4
    ledgeDropHeight: 0
    maxJumpAcrossDistance: 0
    minRegionArea: 2
    manualCellSize: 0
    cellSize: 0.16666667
    accuratePlacement: 0
  m_NavMeshData: {fileID: 0}
--- !u!1 &27859010
GameObject:
  m_ObjectHideFlags: 0
  m_PrefabParentObject: {fileID: 1000012022330152, guid: 3eddd1c29199313478dd3f912bfab2ab,
    type: 2}
  m_PrefabInternal: {fileID: 1722989860}
  serializedVersion: 5
  m_Component:
  - component: {fileID: 27859011}
  - component: {fileID: 27859013}
  - component: {fileID: 27859012}
  m_Layer: 0
  m_Name: EditorHandsInput
  m_TagString: Untagged
  m_Icon: {fileID: 0}
  m_NavMeshLayer: 0
  m_StaticEditorFlags: 0
  m_IsActive: 1
--- !u!4 &27859011
Transform:
  m_ObjectHideFlags: 0
  m_PrefabParentObject: {fileID: 4000013985985722, guid: 3eddd1c29199313478dd3f912bfab2ab,
    type: 2}
  m_PrefabInternal: {fileID: 1722989860}
  m_GameObject: {fileID: 27859010}
  m_LocalRotation: {x: 0, y: 0, z: 0, w: 1}
  m_LocalPosition: {x: 0, y: 0, z: 0}
  m_LocalScale: {x: 1, y: 1, z: 1}
  m_Children:
  - {fileID: 460220877}
  m_Father: {fileID: 639222286}
  m_RootOrder: 1
  m_LocalEulerAnglesHint: {x: 0, y: 0, z: 0}
--- !u!114 &27859012
MonoBehaviour:
  m_ObjectHideFlags: 0
  m_PrefabParentObject: {fileID: 114000011693831752, guid: 3eddd1c29199313478dd3f912bfab2ab,
    type: 2}
  m_PrefabInternal: {fileID: 1722989860}
  m_GameObject: {fileID: 27859010}
  m_Enabled: 1
  m_EditorHideFlags: 0
  m_Script: {fileID: 11500000, guid: f5d9d16de978748488d7a8e0daf6e5cf, type: 3}
  m_Name: 
  m_EditorClassIdentifier: 
  HandReturnFactor: 0.25
  HandTimeBeforeReturn: 0.25
  MinimumTrackedMovement: 0.001
  LeftHandPrimaryAxisControl: {fileID: 2100337520}
  LeftHandSecondaryAxisControl: {fileID: 539451230}
  LeftFingerUpButtonControl: {fileID: 30522978}
  LeftFingerDownButtonControl: {fileID: 1267999197}
  RightHandPrimaryAxisControl: {fileID: 1119947202}
  RightHandSecondaryAxisControl: {fileID: 527323423}
  RightFingerUpButtonControl: {fileID: 790871319}
  RightFingerDownButtonControl: {fileID: 1195517568}
  ActiveHandColor: {r: 0.3254902, g: 0.3764706, b: 0.92941177, a: 1}
  DroppedHandColor: {r: 0.342, g: 0.342, b: 0.342, a: 0.241}
  VisualizeHands: 1
  LeftHandVisualizer: {fileID: 639593148}
  RightHandVisualizer: {fileID: 175825177}
  HandUpTexture: {fileID: 2800000, guid: 778e02a60d620bb419088e692a3584d3, type: 3}
  HandDownTexture: {fileID: 2800000, guid: d84aac8e3bc8fe344b50dab1e7382ad7, type: 3}
  LeftHandInView: 0
  RightHandInView: 0
--- !u!114 &27859013
MonoBehaviour:
  m_ObjectHideFlags: 0
  m_PrefabParentObject: {fileID: 114000012391649198, guid: 3eddd1c29199313478dd3f912bfab2ab,
    type: 2}
  m_PrefabInternal: {fileID: 1722989860}
  m_GameObject: {fileID: 27859010}
  m_Enabled: 1
  m_EditorHideFlags: 0
  m_Script: {fileID: 11500000, guid: c527ac8839879014ab405b6cb5ee39e6, type: 3}
  m_Name: 
  m_EditorClassIdentifier: 
--- !u!1 &30522976
GameObject:
  m_ObjectHideFlags: 0
  m_PrefabParentObject: {fileID: 1000012017714622, guid: 3eddd1c29199313478dd3f912bfab2ab,
    type: 2}
  m_PrefabInternal: {fileID: 1722989860}
  serializedVersion: 5
  m_Component:
  - component: {fileID: 30522977}
  - component: {fileID: 30522978}
  m_Layer: 0
  m_Name: FingerUpButton
  m_TagString: Untagged
  m_Icon: {fileID: 0}
  m_NavMeshLayer: 0
  m_StaticEditorFlags: 0
  m_IsActive: 1
--- !u!4 &30522977
Transform:
  m_ObjectHideFlags: 0
  m_PrefabParentObject: {fileID: 4000010470096086, guid: 3eddd1c29199313478dd3f912bfab2ab,
    type: 2}
  m_PrefabInternal: {fileID: 1722989860}
  m_GameObject: {fileID: 30522976}
  m_LocalRotation: {x: 0, y: 0, z: 0, w: 1}
  m_LocalPosition: {x: 0, y: 0, z: 0}
  m_LocalScale: {x: 1, y: 1, z: 1}
  m_Children: []
  m_Father: {fileID: 398522347}
  m_RootOrder: 2
  m_LocalEulerAnglesHint: {x: 0, y: 0, z: 0}
--- !u!114 &30522978
MonoBehaviour:
  m_ObjectHideFlags: 0
  m_PrefabParentObject: {fileID: 114000013661209266, guid: 3eddd1c29199313478dd3f912bfab2ab,
    type: 2}
  m_PrefabInternal: {fileID: 1722989860}
  m_GameObject: {fileID: 30522976}
  m_Enabled: 1
  m_EditorHideFlags: 0
  m_Script: {fileID: 11500000, guid: 1350e83623c005741ad0d1b09834ed62, type: 3}
  m_Name: 
  m_EditorClassIdentifier: 
  buttonType: 12
--- !u!1 &55036824
GameObject:
  m_ObjectHideFlags: 0
  m_PrefabParentObject: {fileID: 0}
  m_PrefabInternal: {fileID: 0}
  serializedVersion: 5
  m_Component:
  - component: {fileID: 55036826}
  - component: {fileID: 55036825}
  m_Layer: 0
  m_Name: Measure Manager
  m_TagString: Untagged
  m_Icon: {fileID: 0}
  m_NavMeshLayer: 0
  m_StaticEditorFlags: 0
  m_IsActive: 1
--- !u!114 &55036825
MonoBehaviour:
  m_ObjectHideFlags: 0
  m_PrefabParentObject: {fileID: 0}
  m_PrefabInternal: {fileID: 0}
  m_GameObject: {fileID: 55036824}
  m_Enabled: 1
  m_EditorHideFlags: 0
  m_Script: {fileID: 11500000, guid: 74b108b9b117b7e4a99657e352d1e27a, type: 3}
  m_Name: 
  m_EditorClassIdentifier: 
  Mode: 0
  LinePrefab: {fileID: 1000013919465970, guid: 24292e31cfee75844898d532649e8003, type: 2}
  PointPrefab: {fileID: 1000012130063850, guid: cfe406a44797d604981e0039a8d07127,
    type: 2}
  ModeTipObject: {fileID: 2107812362}
  TextPrefab: {fileID: 1000011564080456, guid: 730f1ee216d682046871e9b19d634fcf, type: 2}
--- !u!4 &55036826
Transform:
  m_ObjectHideFlags: 0
  m_PrefabParentObject: {fileID: 0}
  m_PrefabInternal: {fileID: 0}
  m_GameObject: {fileID: 55036824}
  m_LocalRotation: {x: 0, y: 0, z: 0, w: 1}
  m_LocalPosition: {x: 0, y: 0, z: 0}
  m_LocalScale: {x: 1, y: 1, z: 1}
  m_Children:
  - {fileID: 1439459768}
  - {fileID: 1614711997}
  m_Father: {fileID: 0}
  m_RootOrder: 1
  m_LocalEulerAnglesHint: {x: 0, y: 0, z: 0}
--- !u!1001 &106253988
Prefab:
  m_ObjectHideFlags: 0
  serializedVersion: 2
  m_Modification:
    m_TransformParent: {fileID: 1387377071}
    m_Modifications:
    - target: {fileID: 4000013243965410, guid: 90749889d87976143a9e21072d2434b4, type: 2}
      propertyPath: m_LocalPosition.x
      value: 0
      objectReference: {fileID: 0}
    - target: {fileID: 4000013243965410, guid: 90749889d87976143a9e21072d2434b4, type: 2}
      propertyPath: m_LocalPosition.y
      value: 0
      objectReference: {fileID: 0}
    - target: {fileID: 4000013243965410, guid: 90749889d87976143a9e21072d2434b4, type: 2}
      propertyPath: m_LocalPosition.z
      value: 0
      objectReference: {fileID: 0}
    - target: {fileID: 4000013243965410, guid: 90749889d87976143a9e21072d2434b4, type: 2}
      propertyPath: m_LocalRotation.x
      value: 0.7071068
      objectReference: {fileID: 0}
    - target: {fileID: 4000013243965410, guid: 90749889d87976143a9e21072d2434b4, type: 2}
      propertyPath: m_LocalRotation.y
      value: 0
      objectReference: {fileID: 0}
    - target: {fileID: 4000013243965410, guid: 90749889d87976143a9e21072d2434b4, type: 2}
      propertyPath: m_LocalRotation.z
      value: 0
      objectReference: {fileID: 0}
    - target: {fileID: 4000013243965410, guid: 90749889d87976143a9e21072d2434b4, type: 2}
      propertyPath: m_LocalRotation.w
      value: 0.7071068
      objectReference: {fileID: 0}
    - target: {fileID: 4000013243965410, guid: 90749889d87976143a9e21072d2434b4, type: 2}
      propertyPath: m_RootOrder
      value: 0
      objectReference: {fileID: 0}
    - target: {fileID: 4000013243965410, guid: 90749889d87976143a9e21072d2434b4, type: 2}
      propertyPath: m_LocalEulerAnglesHint.x
      value: 90
      objectReference: {fileID: 0}
    m_RemovedComponents: []
  m_ParentPrefab: {fileID: 100100000, guid: 90749889d87976143a9e21072d2434b4, type: 2}
  m_RootGameObject: {fileID: 581823259}
  m_IsPrefabParent: 0
--- !u!1 &175825177
GameObject:
  m_ObjectHideFlags: 0
  m_PrefabParentObject: {fileID: 1000010652855520, guid: 3eddd1c29199313478dd3f912bfab2ab,
    type: 2}
  m_PrefabInternal: {fileID: 1722989860}
  serializedVersion: 5
  m_Component:
  - component: {fileID: 175825178}
  - component: {fileID: 175825180}
  - component: {fileID: 175825179}
  m_Layer: 0
  m_Name: RightHandMarkerQuad
  m_TagString: Untagged
  m_Icon: {fileID: 0}
  m_NavMeshLayer: 0
  m_StaticEditorFlags: 0
  m_IsActive: 0
--- !u!4 &175825178
Transform:
  m_ObjectHideFlags: 0
  m_PrefabParentObject: {fileID: 4000010985388306, guid: 3eddd1c29199313478dd3f912bfab2ab,
    type: 2}
  m_PrefabInternal: {fileID: 1722989860}
  m_GameObject: {fileID: 175825177}
  m_LocalRotation: {x: -0, y: -0, z: -0, w: 1}
  m_LocalPosition: {x: 0.05, y: -0.09, z: 0.9}
  m_LocalScale: {x: 0.025, y: 0.025, z: 0.025}
  m_Children: []
  m_Father: {fileID: 342275633}
  m_RootOrder: 4
  m_LocalEulerAnglesHint: {x: 0, y: 0, z: 0}
--- !u!23 &175825179
MeshRenderer:
  m_ObjectHideFlags: 0
  m_PrefabParentObject: {fileID: 23000014275679654, guid: 3eddd1c29199313478dd3f912bfab2ab,
    type: 2}
  m_PrefabInternal: {fileID: 1722989860}
  m_GameObject: {fileID: 175825177}
  m_Enabled: 1
  m_CastShadows: 1
  m_ReceiveShadows: 1
  m_MotionVectors: 1
  m_LightProbeUsage: 1
  m_ReflectionProbeUsage: 1
  m_Materials:
  - {fileID: 2100000, guid: e3614b053e3b0bd4b8efece8f50c21ad, type: 2}
  m_StaticBatchInfo:
    firstSubMesh: 0
    subMeshCount: 0
  m_StaticBatchRoot: {fileID: 0}
  m_ProbeAnchor: {fileID: 0}
  m_LightProbeVolumeOverride: {fileID: 0}
  m_ScaleInLightmap: 1
  m_PreserveUVs: 1
  m_IgnoreNormalsForChartDetection: 0
  m_ImportantGI: 0
  m_SelectedEditorRenderState: 3
  m_MinimumChartSize: 4
  m_AutoUVMaxDistance: 0.5
  m_AutoUVMaxAngle: 89
  m_LightmapParameters: {fileID: 0}
  m_SortingLayerID: 0
  m_SortingOrder: 0
--- !u!33 &175825180
MeshFilter:
  m_ObjectHideFlags: 0
  m_PrefabParentObject: {fileID: 33000011755631056, guid: 3eddd1c29199313478dd3f912bfab2ab,
    type: 2}
  m_PrefabInternal: {fileID: 1722989860}
  m_GameObject: {fileID: 175825177}
  m_Mesh: {fileID: 10210, guid: 0000000000000000e000000000000000, type: 0}
--- !u!1 &330359000
GameObject:
  m_ObjectHideFlags: 0
  m_PrefabParentObject: {fileID: 1000011337565444, guid: d379ed0a5618c9f479f58bd83a2d0ad3,
    type: 2}
  m_PrefabInternal: {fileID: 1967462905}
  serializedVersion: 5
  m_Component:
  - component: {fileID: 330359001}
  - component: {fileID: 330359002}
  m_Layer: 0
  m_Name: MouseXYRotationAxis
  m_TagString: Untagged
  m_Icon: {fileID: 0}
  m_NavMeshLayer: 0
  m_StaticEditorFlags: 0
  m_IsActive: 1
--- !u!4 &330359001
Transform:
  m_ObjectHideFlags: 0
  m_PrefabParentObject: {fileID: 4000010590998566, guid: d379ed0a5618c9f479f58bd83a2d0ad3,
    type: 2}
  m_PrefabInternal: {fileID: 1967462905}
  m_GameObject: {fileID: 330359000}
  m_LocalRotation: {x: 0, y: 0, z: 0, w: 1}
  m_LocalPosition: {x: 0, y: 0, z: 0}
  m_LocalScale: {x: 1, y: 1, z: 1}
  m_Children: []
  m_Father: {fileID: 809411720}
  m_RootOrder: 0
  m_LocalEulerAnglesHint: {x: 0, y: 0, z: 0}
--- !u!114 &330359002
MonoBehaviour:
  m_ObjectHideFlags: 0
  m_PrefabParentObject: {fileID: 114000013933693316, guid: d379ed0a5618c9f479f58bd83a2d0ad3,
    type: 2}
  m_PrefabInternal: {fileID: 1967462905}
  m_GameObject: {fileID: 330359000}
  m_Enabled: 1
  m_EditorHideFlags: 0
  m_Script: {fileID: 11500000, guid: d1b627838df61e64baecc87fee2dec17, type: 3}
  m_Name: 
  m_EditorClassIdentifier: 
  SensitivityScale: 4.5
  axisType: 11
  buttonType: 1
  InputManagerHorizontalAxisName: 
  InputManagerVerticalAxisName: 
  Axis0Destination: 0
  Axis1Destination: 2
  Axis2Destination: 6
--- !u!1 &342275632
GameObject:
  m_ObjectHideFlags: 0
  m_PrefabParentObject: {fileID: 1000014258050880, guid: 3eddd1c29199313478dd3f912bfab2ab,
    type: 2}
  m_PrefabInternal: {fileID: 1722989860}
  serializedVersion: 5
  m_Component:
  - component: {fileID: 342275633}
  m_Layer: 0
  m_Name: RightHand
  m_TagString: Untagged
  m_Icon: {fileID: 0}
  m_NavMeshLayer: 0
  m_StaticEditorFlags: 0
  m_IsActive: 1
--- !u!4 &342275633
Transform:
  m_ObjectHideFlags: 0
  m_PrefabParentObject: {fileID: 4000012651543500, guid: 3eddd1c29199313478dd3f912bfab2ab,
    type: 2}
  m_PrefabInternal: {fileID: 1722989860}
  m_GameObject: {fileID: 342275632}
  m_LocalRotation: {x: 0, y: 0, z: 0, w: 1}
  m_LocalPosition: {x: 0, y: 0, z: 0}
  m_LocalScale: {x: 1, y: 1, z: 1}
  m_Children:
  - {fileID: 1119947201}
  - {fileID: 527323422}
  - {fileID: 790871318}
  - {fileID: 1195517567}
  - {fileID: 175825178}
  m_Father: {fileID: 460220877}
  m_RootOrder: 1
  m_LocalEulerAnglesHint: {x: 0, y: 0, z: 0}
--- !u!1 &359280055
GameObject:
  m_ObjectHideFlags: 0
  m_PrefabParentObject: {fileID: 1000011258900396, guid: 90749889d87976143a9e21072d2434b4,
    type: 2}
  m_PrefabInternal: {fileID: 106253988}
  serializedVersion: 5
  m_Component:
  - component: {fileID: 359280056}
  m_Layer: 2
  m_Name: HandDetectedFeedback
  m_TagString: Untagged
  m_Icon: {fileID: 0}
  m_NavMeshLayer: 0
  m_StaticEditorFlags: 0
  m_IsActive: 1
--- !u!4 &359280056
Transform:
  m_ObjectHideFlags: 0
  m_PrefabParentObject: {fileID: 4000013324006586, guid: 90749889d87976143a9e21072d2434b4,
    type: 2}
  m_PrefabInternal: {fileID: 106253988}
  m_GameObject: {fileID: 359280055}
  m_LocalRotation: {x: 0, y: 0, z: 0, w: 1}
  m_LocalPosition: {x: 0, y: 0, z: -0.01}
  m_LocalScale: {x: 1.5, y: 1.5, z: 1}
  m_Children:
  - {fileID: 1918819787}
  - {fileID: 1414733432}
  m_Father: {fileID: 1493580236}
  m_RootOrder: 0
  m_LocalEulerAnglesHint: {x: 0, y: 0, z: 0}
--- !u!1 &398522346
GameObject:
  m_ObjectHideFlags: 0
  m_PrefabParentObject: {fileID: 1000013347501094, guid: 3eddd1c29199313478dd3f912bfab2ab,
    type: 2}
  m_PrefabInternal: {fileID: 1722989860}
  serializedVersion: 5
  m_Component:
  - component: {fileID: 398522347}
  m_Layer: 0
  m_Name: LeftHand
  m_TagString: Untagged
  m_Icon: {fileID: 0}
  m_NavMeshLayer: 0
  m_StaticEditorFlags: 0
  m_IsActive: 1
--- !u!4 &398522347
Transform:
  m_ObjectHideFlags: 0
  m_PrefabParentObject: {fileID: 4000012746438650, guid: 3eddd1c29199313478dd3f912bfab2ab,
    type: 2}
  m_PrefabInternal: {fileID: 1722989860}
  m_GameObject: {fileID: 398522346}
  m_LocalRotation: {x: 0, y: 0, z: 0, w: 1}
  m_LocalPosition: {x: 0, y: 0, z: 0}
  m_LocalScale: {x: 1, y: 1, z: 1}
  m_Children:
  - {fileID: 2100337519}
  - {fileID: 539451229}
  - {fileID: 30522977}
  - {fileID: 1267999196}
  - {fileID: 639593149}
  m_Father: {fileID: 460220877}
  m_RootOrder: 0
  m_LocalEulerAnglesHint: {x: 0, y: 0, z: 0}
--- !u!1 &411035019
GameObject:
  m_ObjectHideFlags: 0
  m_PrefabParentObject: {fileID: 1000010715023990, guid: 90749889d87976143a9e21072d2434b4,
    type: 2}
  m_PrefabInternal: {fileID: 106253988}
  serializedVersion: 5
  m_Component:
  - component: {fileID: 411035020}
  m_Layer: 2
  m_Name: cursor_cross_root
  m_TagString: Untagged
  m_Icon: {fileID: 0}
  m_NavMeshLayer: 0
  m_StaticEditorFlags: 0
  m_IsActive: 1
--- !u!4 &411035020
Transform:
  m_ObjectHideFlags: 0
  m_PrefabParentObject: {fileID: 4000011695305602, guid: 90749889d87976143a9e21072d2434b4,
    type: 2}
  m_PrefabInternal: {fileID: 106253988}
  m_GameObject: {fileID: 411035019}
  m_LocalRotation: {x: 0, y: 0, z: 0, w: 1}
  m_LocalPosition: {x: 0, y: 0, z: 0}
  m_LocalScale: {x: 1, y: 1, z: 1}
  m_Children: []
  m_Father: {fileID: 1414733432}
  m_RootOrder: 0
  m_LocalEulerAnglesHint: {x: 0, y: 0, z: 0}
--- !u!1 &418872130
GameObject:
  m_ObjectHideFlags: 0
  m_PrefabParentObject: {fileID: 1000012373135252, guid: d379ed0a5618c9f479f58bd83a2d0ad3,
    type: 2}
  m_PrefabInternal: {fileID: 1967462905}
  serializedVersion: 5
  m_Component:
  - component: {fileID: 418872131}
  - component: {fileID: 418872132}
  m_Layer: 0
  m_Name: KeyboardXYRotationAxis
  m_TagString: Untagged
  m_Icon: {fileID: 0}
  m_NavMeshLayer: 0
  m_StaticEditorFlags: 0
  m_IsActive: 1
--- !u!4 &418872131
Transform:
  m_ObjectHideFlags: 0
  m_PrefabParentObject: {fileID: 4000011800569768, guid: d379ed0a5618c9f479f58bd83a2d0ad3,
    type: 2}
  m_PrefabInternal: {fileID: 1967462905}
  m_GameObject: {fileID: 418872130}
  m_LocalRotation: {x: -0, y: -0, z: -0, w: 1}
  m_LocalPosition: {x: 0, y: 0, z: 0}
  m_LocalScale: {x: 1, y: 1, z: 1}
  m_Children: []
  m_Father: {fileID: 809411720}
  m_RootOrder: 3
  m_LocalEulerAnglesHint: {x: 0, y: 0, z: 0}
--- !u!114 &418872132
MonoBehaviour:
  m_ObjectHideFlags: 0
  m_PrefabParentObject: {fileID: 114000012889557236, guid: d379ed0a5618c9f479f58bd83a2d0ad3,
    type: 2}
  m_PrefabInternal: {fileID: 1967462905}
  m_GameObject: {fileID: 418872130}
  m_Enabled: 1
  m_EditorHideFlags: 0
  m_Script: {fileID: 11500000, guid: d1b627838df61e64baecc87fee2dec17, type: 3}
  m_Name: 
  m_EditorClassIdentifier: 
  SensitivityScale: 1
  axisType: 6
  buttonType: 21
  InputManagerHorizontalAxisName: 
  InputManagerVerticalAxisName: 
  Axis0Destination: 2
  Axis1Destination: 1
  Axis2Destination: 6
--- !u!1 &460220876
GameObject:
  m_ObjectHideFlags: 0
  m_PrefabParentObject: {fileID: 1000013402879350, guid: 3eddd1c29199313478dd3f912bfab2ab,
    type: 2}
  m_PrefabInternal: {fileID: 1722989860}
  serializedVersion: 5
  m_Component:
  - component: {fileID: 460220877}
  m_Layer: 0
  m_Name: HandControls
  m_TagString: Untagged
  m_Icon: {fileID: 0}
  m_NavMeshLayer: 0
  m_StaticEditorFlags: 0
  m_IsActive: 1
--- !u!4 &460220877
Transform:
  m_ObjectHideFlags: 0
  m_PrefabParentObject: {fileID: 4000011838644884, guid: 3eddd1c29199313478dd3f912bfab2ab,
    type: 2}
  m_PrefabInternal: {fileID: 1722989860}
  m_GameObject: {fileID: 460220876}
  m_LocalRotation: {x: -0, y: -0, z: -0, w: 1}
  m_LocalPosition: {x: 0, y: 0, z: 0}
  m_LocalScale: {x: 1, y: 1, z: 1}
  m_Children:
  - {fileID: 398522347}
  - {fileID: 342275633}
  m_Father: {fileID: 27859011}
  m_RootOrder: 0
  m_LocalEulerAnglesHint: {x: 0, y: 0, z: 0}
--- !u!1 &462286089
GameObject:
  m_ObjectHideFlags: 0
  m_PrefabParentObject: {fileID: 1000014073514604, guid: d379ed0a5618c9f479f58bd83a2d0ad3,
    type: 2}
  m_PrefabInternal: {fileID: 1967462905}
  serializedVersion: 5
  m_Component:
  - component: {fileID: 462286090}
  - component: {fileID: 462286091}
  m_Layer: 0
  m_Name: JoystickXYRotationAxis
  m_TagString: Untagged
  m_Icon: {fileID: 0}
  m_NavMeshLayer: 0
  m_StaticEditorFlags: 0
  m_IsActive: 1
--- !u!4 &462286090
Transform:
  m_ObjectHideFlags: 0
  m_PrefabParentObject: {fileID: 4000012610367806, guid: d379ed0a5618c9f479f58bd83a2d0ad3,
    type: 2}
  m_PrefabInternal: {fileID: 1967462905}
  m_GameObject: {fileID: 462286089}
  m_LocalRotation: {x: -0, y: -0, z: -0, w: 1}
  m_LocalPosition: {x: 0, y: 0, z: 0}
  m_LocalScale: {x: 1, y: 1, z: 1}
  m_Children: []
  m_Father: {fileID: 809411720}
  m_RootOrder: 7
  m_LocalEulerAnglesHint: {x: 0, y: 0, z: 0}
--- !u!114 &462286091
MonoBehaviour:
  m_ObjectHideFlags: 0
  m_PrefabParentObject: {fileID: 114000013649663976, guid: d379ed0a5618c9f479f58bd83a2d0ad3,
    type: 2}
  m_PrefabInternal: {fileID: 1967462905}
  m_GameObject: {fileID: 462286089}
  m_Enabled: 0
  m_EditorHideFlags: 0
  m_Script: {fileID: 11500000, guid: d1b627838df61e64baecc87fee2dec17, type: 3}
  m_Name: 
  m_EditorClassIdentifier: 
  SensitivityScale: 3
  axisType: 0
  buttonType: 21
  InputManagerHorizontalAxisName: LeftStickHorizontal
  InputManagerVerticalAxisName: LeftStickVertical
  Axis0Destination: 2
  Axis1Destination: 0
  Axis2Destination: 6
--- !u!1 &527323421
GameObject:
  m_ObjectHideFlags: 0
  m_PrefabParentObject: {fileID: 1000010849031070, guid: 3eddd1c29199313478dd3f912bfab2ab,
    type: 2}
  m_PrefabInternal: {fileID: 1722989860}
  serializedVersion: 5
  m_Component:
  - component: {fileID: 527323422}
  - component: {fileID: 527323423}
  m_Layer: 0
  m_Name: XZTranslationAxis
  m_TagString: Untagged
  m_Icon: {fileID: 0}
  m_NavMeshLayer: 0
  m_StaticEditorFlags: 0
  m_IsActive: 1
--- !u!4 &527323422
Transform:
  m_ObjectHideFlags: 0
  m_PrefabParentObject: {fileID: 4000012383807932, guid: 3eddd1c29199313478dd3f912bfab2ab,
    type: 2}
  m_PrefabInternal: {fileID: 1722989860}
  m_GameObject: {fileID: 527323421}
  m_LocalRotation: {x: 0, y: 0, z: 0, w: 1}
  m_LocalPosition: {x: 0, y: 0, z: 0}
  m_LocalScale: {x: 1, y: 1, z: 1}
  m_Children: []
  m_Father: {fileID: 342275633}
  m_RootOrder: 1
  m_LocalEulerAnglesHint: {x: 0, y: 0, z: 0}
--- !u!114 &527323423
MonoBehaviour:
  m_ObjectHideFlags: 0
  m_PrefabParentObject: {fileID: 114000013944478910, guid: 3eddd1c29199313478dd3f912bfab2ab,
    type: 2}
  m_PrefabInternal: {fileID: 1722989860}
  m_GameObject: {fileID: 527323421}
  m_Enabled: 1
  m_EditorHideFlags: 0
  m_Script: {fileID: 11500000, guid: d1b627838df61e64baecc87fee2dec17, type: 3}
  m_Name: 
  m_EditorClassIdentifier: 
  SensitivityScale: 0.5
  axisType: 12
  buttonType: 6
  InputManagerHorizontalAxisName: 
  InputManagerVerticalAxisName: 
  Axis0Destination: 4
  Axis1Destination: 6
  Axis2Destination: 6
--- !u!1 &539451228
GameObject:
  m_ObjectHideFlags: 0
  m_PrefabParentObject: {fileID: 1000012835389718, guid: 3eddd1c29199313478dd3f912bfab2ab,
    type: 2}
  m_PrefabInternal: {fileID: 1722989860}
  serializedVersion: 5
  m_Component:
  - component: {fileID: 539451229}
  - component: {fileID: 539451230}
  m_Layer: 0
  m_Name: XZTranslationAxis
  m_TagString: Untagged
  m_Icon: {fileID: 0}
  m_NavMeshLayer: 0
  m_StaticEditorFlags: 0
  m_IsActive: 1
--- !u!4 &539451229
Transform:
  m_ObjectHideFlags: 0
  m_PrefabParentObject: {fileID: 4000012179495490, guid: 3eddd1c29199313478dd3f912bfab2ab,
    type: 2}
  m_PrefabInternal: {fileID: 1722989860}
  m_GameObject: {fileID: 539451228}
  m_LocalRotation: {x: 0, y: 0, z: 0, w: 1}
  m_LocalPosition: {x: 0, y: 0, z: 0}
  m_LocalScale: {x: 1, y: 1, z: 1}
  m_Children: []
  m_Father: {fileID: 398522347}
  m_RootOrder: 1
  m_LocalEulerAnglesHint: {x: 0, y: 0, z: 0}
--- !u!114 &539451230
MonoBehaviour:
  m_ObjectHideFlags: 0
  m_PrefabParentObject: {fileID: 114000010160081412, guid: 3eddd1c29199313478dd3f912bfab2ab,
    type: 2}
  m_PrefabInternal: {fileID: 1722989860}
  m_GameObject: {fileID: 539451228}
  m_Enabled: 1
  m_EditorHideFlags: 0
  m_Script: {fileID: 11500000, guid: d1b627838df61e64baecc87fee2dec17, type: 3}
  m_Name: 
  m_EditorClassIdentifier: 
  SensitivityScale: 0.5
  axisType: 12
  buttonType: 4
  InputManagerHorizontalAxisName: 
  InputManagerVerticalAxisName: 
  Axis0Destination: 4
  Axis1Destination: 6
  Axis2Destination: 6
--- !u!1 &559628665
GameObject:
  m_ObjectHideFlags: 0
  m_PrefabParentObject: {fileID: 1000013805455168, guid: 90749889d87976143a9e21072d2434b4,
    type: 2}
  m_PrefabInternal: {fileID: 106253988}
  serializedVersion: 5
  m_Component:
  - component: {fileID: 559628666}
  m_Layer: 2
  m_Name: ring_observation_scale
  m_TagString: Untagged
  m_Icon: {fileID: 0}
  m_NavMeshLayer: 0
  m_StaticEditorFlags: 0
  m_IsActive: 1
--- !u!4 &559628666
Transform:
  m_ObjectHideFlags: 0
  m_PrefabParentObject: {fileID: 4000013060984414, guid: 90749889d87976143a9e21072d2434b4,
    type: 2}
  m_PrefabInternal: {fileID: 106253988}
  m_GameObject: {fileID: 559628665}
  m_LocalRotation: {x: 0, y: 0, z: 0, w: 1}
  m_LocalPosition: {x: -0, y: 0, z: 0.002}
  m_LocalScale: {x: 1, y: 1, z: 1}
  m_Children: []
  m_Father: {fileID: 1918819787}
  m_RootOrder: 0
  m_LocalEulerAnglesHint: {x: 0, y: 0, z: 0}
--- !u!1 &581823259
GameObject:
  m_ObjectHideFlags: 0
  m_PrefabParentObject: {fileID: 1000010024638574, guid: 90749889d87976143a9e21072d2434b4,
    type: 2}
  m_PrefabInternal: {fileID: 106253988}
  serializedVersion: 5
  m_Component:
  - component: {fileID: 614058336}
  - component: {fileID: 581823260}
  m_Layer: 2
  m_Name: CursorWithFeedback
  m_TagString: Untagged
  m_Icon: {fileID: 0}
  m_NavMeshLayer: 0
  m_StaticEditorFlags: 0
  m_IsActive: 1
--- !u!114 &581823260
MonoBehaviour:
  m_ObjectHideFlags: 0
  m_PrefabParentObject: {fileID: 114000011803902180, guid: 90749889d87976143a9e21072d2434b4,
    type: 2}
  m_PrefabInternal: {fileID: 106253988}
  m_GameObject: {fileID: 581823259}
  m_Enabled: 1
  m_EditorHideFlags: 0
  m_Script: {fileID: 11500000, guid: afa1ae235bc6cfa43addd1435e2fd822, type: 3}
  m_Name: 
  m_EditorClassIdentifier: 
  MinCursorDistance: 1
  DefaultCursorDistance: 2
  SurfaceCursorDistance: 0.02
  PositionLerpTime: 0.01
  ScaleLerpTime: 0.01
  RotationLerpTime: 0.01
  LookRotationBlend: 0.5
  PrimaryCursorVisual: {fileID: 0}
  CursorStateData:
  - Name: Over Object No Hands
    CursorState: 1
    CursorObject: {fileID: 1814162246}
  - Name: Hands Visible
    CursorState: 2
    CursorObject: {fileID: 1493580235}
  - Name: Over Object With Hands
    CursorState: 3
    CursorObject: {fileID: 1493580235}
  ParentTransform: {fileID: 0}
--- !u!4 &614058336
Transform:
  m_ObjectHideFlags: 0
  m_PrefabParentObject: {fileID: 4000013243965410, guid: 90749889d87976143a9e21072d2434b4,
    type: 2}
  m_PrefabInternal: {fileID: 106253988}
  m_GameObject: {fileID: 581823259}
  m_LocalRotation: {x: 0.7071068, y: 0, z: 0, w: 0.7071068}
  m_LocalPosition: {x: 0, y: 0, z: 0}
  m_LocalScale: {x: 1, y: 1, z: 1}
  m_Children:
  - {fileID: 1493580236}
  - {fileID: 1814162247}
  m_Father: {fileID: 1387377071}
  m_RootOrder: 0
  m_LocalEulerAnglesHint: {x: 90, y: 0, z: 0}
--- !u!1 &639222281
GameObject:
  m_ObjectHideFlags: 0
  m_PrefabParentObject: {fileID: 1000011070707148, guid: 3eddd1c29199313478dd3f912bfab2ab,
    type: 2}
  m_PrefabInternal: {fileID: 1722989860}
  serializedVersion: 5
  m_Component:
  - component: {fileID: 639222286}
  - component: {fileID: 639222285}
  - component: {fileID: 639222284}
  - component: {fileID: 639222283}
  - component: {fileID: 639222282}
  m_Layer: 0
  m_Name: InputManager
  m_TagString: Untagged
  m_Icon: {fileID: 0}
  m_NavMeshLayer: 0
  m_StaticEditorFlags: 0
  m_IsActive: 1
--- !u!114 &639222282
MonoBehaviour:
  m_ObjectHideFlags: 0
  m_PrefabParentObject: {fileID: 114000013868099214, guid: 3eddd1c29199313478dd3f912bfab2ab,
    type: 2}
  m_PrefabInternal: {fileID: 1722989860}
  m_GameObject: {fileID: 639222281}
  m_Enabled: 1
  m_EditorHideFlags: 0
  m_Script: {fileID: 11500000, guid: 37870ab7a81bfb74b9fa277cf45b06d2, type: 3}
  m_Name: 
  m_EditorClassIdentifier: 
  SetStabilizationPlane: 1
  LerpStabilizationPlanePowerCloser: 4
  LerpStabilizationPlanePowerFarther: 7
  targetOverride: {fileID: 0}
  trackVelocity: 0
  UseGazeManager: 1
  DefaultPlaneDistance: 2
  DrawGizmos: 0
--- !u!114 &639222283
MonoBehaviour:
  m_ObjectHideFlags: 0
  m_PrefabParentObject: {fileID: 114000012434513746, guid: 3eddd1c29199313478dd3f912bfab2ab,
    type: 2}
  m_PrefabInternal: {fileID: 1722989860}
  m_GameObject: {fileID: 639222281}
  m_Enabled: 1
  m_EditorHideFlags: 0
  m_Script: {fileID: 11500000, guid: b160d197a8ca1894796ae263bafec0ac, type: 3}
  m_Name: 
  m_EditorClassIdentifier: 
--- !u!114 &639222284
MonoBehaviour:
  m_ObjectHideFlags: 0
  m_PrefabParentObject: {fileID: 114000011980027866, guid: 3eddd1c29199313478dd3f912bfab2ab,
    type: 2}
  m_PrefabInternal: {fileID: 1722989860}
  m_GameObject: {fileID: 639222281}
  m_Enabled: 1
  m_EditorHideFlags: 0
  m_Script: {fileID: 11500000, guid: b81e3e700505863408cacaa0346cb1a6, type: 3}
  m_Name: 
  m_EditorClassIdentifier: 
  StoredStabilitySamples: 60
--- !u!114 &639222285
MonoBehaviour:
  m_ObjectHideFlags: 0
  m_PrefabParentObject: {fileID: 114000012009196210, guid: 3eddd1c29199313478dd3f912bfab2ab,
    type: 2}
  m_PrefabInternal: {fileID: 1722989860}
  m_GameObject: {fileID: 639222281}
  m_Enabled: 1
  m_EditorHideFlags: 0
  m_Script: {fileID: 11500000, guid: 4d1a2a33ffcac354298137001635a001, type: 3}
  m_Name: 
  m_EditorClassIdentifier: 
  MaxGazeCollisionDistance: 10
  RaycastLayerMasks:
  - serializedVersion: 2
    m_Bits: 4294967291
  Stabilizer: {fileID: 639222284}
  GazeTransform: {fileID: 0}
--- !u!4 &639222286
Transform:
  m_ObjectHideFlags: 0
  m_PrefabParentObject: {fileID: 4000011656901714, guid: 3eddd1c29199313478dd3f912bfab2ab,
    type: 2}
  m_PrefabInternal: {fileID: 1722989860}
  m_GameObject: {fileID: 639222281}
  m_LocalRotation: {x: 0, y: 0, z: 0, w: 1}
  m_LocalPosition: {x: 0, y: 0, z: 0}
  m_LocalScale: {x: 1, y: 1, z: 1}
  m_Children:
  - {fileID: 2025523443}
  - {fileID: 27859011}
  - {fileID: 1658471657}
  m_Father: {fileID: 0}
  m_RootOrder: 3
  m_LocalEulerAnglesHint: {x: 0, y: 0, z: 0}
--- !u!1 &639593148
GameObject:
  m_ObjectHideFlags: 0
  m_PrefabParentObject: {fileID: 1000010559312462, guid: 3eddd1c29199313478dd3f912bfab2ab,
    type: 2}
  m_PrefabInternal: {fileID: 1722989860}
  serializedVersion: 5
  m_Component:
  - component: {fileID: 639593149}
  - component: {fileID: 639593151}
  - component: {fileID: 639593150}
  m_Layer: 0
  m_Name: LeftHandMarkerQuad
  m_TagString: Untagged
  m_Icon: {fileID: 0}
  m_NavMeshLayer: 0
  m_StaticEditorFlags: 0
  m_IsActive: 0
--- !u!4 &639593149
Transform:
  m_ObjectHideFlags: 0
  m_PrefabParentObject: {fileID: 4000010757173486, guid: 3eddd1c29199313478dd3f912bfab2ab,
    type: 2}
  m_PrefabInternal: {fileID: 1722989860}
  m_GameObject: {fileID: 639593148}
  m_LocalRotation: {x: -0, y: -0, z: -0, w: 1}
  m_LocalPosition: {x: -0.05, y: -0.09, z: 0.9}
  m_LocalScale: {x: -0.025, y: 0.025, z: 0.025}
  m_Children: []
  m_Father: {fileID: 398522347}
  m_RootOrder: 4
  m_LocalEulerAnglesHint: {x: 0, y: 0, z: 0}
--- !u!23 &639593150
MeshRenderer:
  m_ObjectHideFlags: 0
  m_PrefabParentObject: {fileID: 23000011955365276, guid: 3eddd1c29199313478dd3f912bfab2ab,
    type: 2}
  m_PrefabInternal: {fileID: 1722989860}
  m_GameObject: {fileID: 639593148}
  m_Enabled: 1
  m_CastShadows: 1
  m_ReceiveShadows: 1
  m_MotionVectors: 1
  m_LightProbeUsage: 1
  m_ReflectionProbeUsage: 1
  m_Materials:
  - {fileID: 2100000, guid: e3614b053e3b0bd4b8efece8f50c21ad, type: 2}
  m_StaticBatchInfo:
    firstSubMesh: 0
    subMeshCount: 0
  m_StaticBatchRoot: {fileID: 0}
  m_ProbeAnchor: {fileID: 0}
  m_LightProbeVolumeOverride: {fileID: 0}
  m_ScaleInLightmap: 1
  m_PreserveUVs: 1
  m_IgnoreNormalsForChartDetection: 0
  m_ImportantGI: 0
  m_SelectedEditorRenderState: 3
  m_MinimumChartSize: 4
  m_AutoUVMaxDistance: 0.5
  m_AutoUVMaxAngle: 89
  m_LightmapParameters: {fileID: 0}
  m_SortingLayerID: 0
  m_SortingOrder: 0
--- !u!33 &639593151
MeshFilter:
  m_ObjectHideFlags: 0
  m_PrefabParentObject: {fileID: 33000013920336656, guid: 3eddd1c29199313478dd3f912bfab2ab,
    type: 2}
  m_PrefabInternal: {fileID: 1722989860}
  m_GameObject: {fileID: 639593148}
  m_Mesh: {fileID: 10210, guid: 0000000000000000e000000000000000, type: 0}
--- !u!1 &790871317
GameObject:
  m_ObjectHideFlags: 0
  m_PrefabParentObject: {fileID: 1000012685836518, guid: 3eddd1c29199313478dd3f912bfab2ab,
    type: 2}
  m_PrefabInternal: {fileID: 1722989860}
  serializedVersion: 5
  m_Component:
  - component: {fileID: 790871318}
  - component: {fileID: 790871319}
  m_Layer: 0
  m_Name: FingerUpButton
  m_TagString: Untagged
  m_Icon: {fileID: 0}
  m_NavMeshLayer: 0
  m_StaticEditorFlags: 0
  m_IsActive: 1
--- !u!4 &790871318
Transform:
  m_ObjectHideFlags: 0
  m_PrefabParentObject: {fileID: 4000014269641458, guid: 3eddd1c29199313478dd3f912bfab2ab,
    type: 2}
  m_PrefabInternal: {fileID: 1722989860}
  m_GameObject: {fileID: 790871317}
  m_LocalRotation: {x: 0, y: 0, z: 0, w: 1}
  m_LocalPosition: {x: 0, y: 0, z: 0}
  m_LocalScale: {x: 1, y: 1, z: 1}
  m_Children: []
  m_Father: {fileID: 342275633}
  m_RootOrder: 2
  m_LocalEulerAnglesHint: {x: 0, y: 0, z: 0}
--- !u!114 &790871319
MonoBehaviour:
  m_ObjectHideFlags: 0
  m_PrefabParentObject: {fileID: 114000011211768160, guid: 3eddd1c29199313478dd3f912bfab2ab,
    type: 2}
  m_PrefabInternal: {fileID: 1722989860}
  m_GameObject: {fileID: 790871317}
  m_Enabled: 1
  m_EditorHideFlags: 0
  m_Script: {fileID: 11500000, guid: 1350e83623c005741ad0d1b09834ed62, type: 3}
  m_Name: 
  m_EditorClassIdentifier: 
  buttonType: 18
--- !u!1 &809411719
GameObject:
  m_ObjectHideFlags: 0
  m_PrefabParentObject: {fileID: 1000011489060388, guid: d379ed0a5618c9f479f58bd83a2d0ad3,
    type: 2}
  m_PrefabInternal: {fileID: 1967462905}
  serializedVersion: 5
  m_Component:
  - component: {fileID: 809411720}
  m_Layer: 0
  m_Name: GazeControls
  m_TagString: Untagged
  m_Icon: {fileID: 0}
  m_NavMeshLayer: 0
  m_StaticEditorFlags: 0
  m_IsActive: 1
--- !u!4 &809411720
Transform:
  m_ObjectHideFlags: 0
  m_PrefabParentObject: {fileID: 4000010510211078, guid: d379ed0a5618c9f479f58bd83a2d0ad3,
    type: 2}
  m_PrefabInternal: {fileID: 1967462905}
  m_GameObject: {fileID: 809411719}
  m_LocalRotation: {x: 0, y: 0, z: 0, w: 1}
  m_LocalPosition: {x: 0, y: 0, z: 0}
  m_LocalScale: {x: 1, y: 1, z: 1}
  m_Children:
  - {fileID: 330359001}
  - {fileID: 1320721100}
  - {fileID: 1460763229}
  - {fileID: 418872131}
  - {fileID: 1827022451}
  - {fileID: 874881712}
  - {fileID: 1748300716}
  - {fileID: 462286090}
  - {fileID: 1423018321}
  - {fileID: 1954879749}
  m_Father: {fileID: 1626498842}
  m_RootOrder: 0
  m_LocalEulerAnglesHint: {x: 0, y: 0, z: 0}
--- !u!1 &874881711
GameObject:
  m_ObjectHideFlags: 0
  m_PrefabParentObject: {fileID: 1000012618464992, guid: d379ed0a5618c9f479f58bd83a2d0ad3,
    type: 2}
  m_PrefabInternal: {fileID: 1967462905}
  serializedVersion: 5
  m_Component:
  - component: {fileID: 874881712}
  - component: {fileID: 874881713}
  m_Layer: 0
  m_Name: KeyboardXYTranslationAxis
  m_TagString: Untagged
  m_Icon: {fileID: 0}
  m_NavMeshLayer: 0
  m_StaticEditorFlags: 0
  m_IsActive: 1
--- !u!4 &874881712
Transform:
  m_ObjectHideFlags: 0
  m_PrefabParentObject: {fileID: 4000011251444590, guid: d379ed0a5618c9f479f58bd83a2d0ad3,
    type: 2}
  m_PrefabInternal: {fileID: 1967462905}
  m_GameObject: {fileID: 874881711}
  m_LocalRotation: {x: -0, y: -0, z: -0, w: 1}
  m_LocalPosition: {x: 0, y: 0, z: 0}
  m_LocalScale: {x: 1, y: 1, z: 1}
  m_Children: []
  m_Father: {fileID: 809411720}
  m_RootOrder: 5
  m_LocalEulerAnglesHint: {x: 0, y: 0, z: 0}
--- !u!114 &874881713
MonoBehaviour:
  m_ObjectHideFlags: 0
  m_PrefabParentObject: {fileID: 114000012298662144, guid: d379ed0a5618c9f479f58bd83a2d0ad3,
    type: 2}
  m_PrefabInternal: {fileID: 1967462905}
  m_GameObject: {fileID: 874881711}
  m_Enabled: 1
  m_EditorHideFlags: 0
  m_Script: {fileID: 11500000, guid: d1b627838df61e64baecc87fee2dec17, type: 3}
  m_Name: 
  m_EditorClassIdentifier: 
  SensitivityScale: 1
  axisType: 3
  buttonType: 21
  InputManagerHorizontalAxisName: 
  InputManagerVerticalAxisName: 
  Axis0Destination: 2
  Axis1Destination: 6
  Axis2Destination: 6
--- !u!1 &926435500
GameObject:
  m_ObjectHideFlags: 0
  m_PrefabParentObject: {fileID: 1000013020990872, guid: 90749889d87976143a9e21072d2434b4,
    type: 2}
  m_PrefabInternal: {fileID: 106253988}
  serializedVersion: 5
  m_Component:
  - component: {fileID: 926435501}
  m_Layer: 2
  m_Name: cursor_sizeNorthSouth_ring_interaction_root
  m_TagString: Untagged
  m_Icon: {fileID: 0}
  m_NavMeshLayer: 0
  m_StaticEditorFlags: 0
  m_IsActive: 1
--- !u!4 &926435501
Transform:
  m_ObjectHideFlags: 0
  m_PrefabParentObject: {fileID: 4000013622417028, guid: 90749889d87976143a9e21072d2434b4,
    type: 2}
  m_PrefabInternal: {fileID: 106253988}
  m_GameObject: {fileID: 926435500}
  m_LocalRotation: {x: 0, y: 0, z: 0, w: 1}
  m_LocalPosition: {x: -0, y: 0, z: 0.004}
  m_LocalScale: {x: 1, y: 1, z: 1}
  m_Children:
  - {fileID: 1919406332}
  m_Father: {fileID: 1411448535}
  m_RootOrder: 0
  m_LocalEulerAnglesHint: {x: 0, y: 0, z: 0}
--- !u!1 &1119947200
GameObject:
  m_ObjectHideFlags: 0
  m_PrefabParentObject: {fileID: 1000011025849994, guid: 3eddd1c29199313478dd3f912bfab2ab,
    type: 2}
  m_PrefabInternal: {fileID: 1722989860}
  serializedVersion: 5
  m_Component:
  - component: {fileID: 1119947201}
  - component: {fileID: 1119947202}
  m_Layer: 0
  m_Name: XYTranslationAxis
  m_TagString: Untagged
  m_Icon: {fileID: 0}
  m_NavMeshLayer: 0
  m_StaticEditorFlags: 0
  m_IsActive: 1
--- !u!4 &1119947201
Transform:
  m_ObjectHideFlags: 0
  m_PrefabParentObject: {fileID: 4000012897398672, guid: 3eddd1c29199313478dd3f912bfab2ab,
    type: 2}
  m_PrefabInternal: {fileID: 1722989860}
  m_GameObject: {fileID: 1119947200}
  m_LocalRotation: {x: 0, y: 0, z: 0, w: 1}
  m_LocalPosition: {x: 0, y: 0, z: 0}
  m_LocalScale: {x: 1, y: 1, z: 1}
  m_Children: []
  m_Father: {fileID: 342275633}
  m_RootOrder: 0
  m_LocalEulerAnglesHint: {x: 0, y: 0, z: 0}
--- !u!114 &1119947202
MonoBehaviour:
  m_ObjectHideFlags: 0
  m_PrefabParentObject: {fileID: 114000013734435004, guid: 3eddd1c29199313478dd3f912bfab2ab,
    type: 2}
  m_PrefabInternal: {fileID: 1722989860}
  m_GameObject: {fileID: 1119947200}
  m_Enabled: 1
  m_EditorHideFlags: 0
  m_Script: {fileID: 11500000, guid: d1b627838df61e64baecc87fee2dec17, type: 3}
  m_Name: 
  m_EditorClassIdentifier: 
  SensitivityScale: 1
  axisType: 11
  buttonType: 6
  InputManagerHorizontalAxisName: 
  InputManagerVerticalAxisName: 
  Axis0Destination: 3
  Axis1Destination: 0
  Axis2Destination: 6
--- !u!1 &1195517566
GameObject:
  m_ObjectHideFlags: 0
  m_PrefabParentObject: {fileID: 1000011611902316, guid: 3eddd1c29199313478dd3f912bfab2ab,
    type: 2}
  m_PrefabInternal: {fileID: 1722989860}
  serializedVersion: 5
  m_Component:
  - component: {fileID: 1195517567}
  - component: {fileID: 1195517568}
  m_Layer: 0
  m_Name: FingerDownButton
  m_TagString: Untagged
  m_Icon: {fileID: 0}
  m_NavMeshLayer: 0
  m_StaticEditorFlags: 0
  m_IsActive: 1
--- !u!4 &1195517567
Transform:
  m_ObjectHideFlags: 0
  m_PrefabParentObject: {fileID: 4000012504439998, guid: 3eddd1c29199313478dd3f912bfab2ab,
    type: 2}
  m_PrefabInternal: {fileID: 1722989860}
  m_GameObject: {fileID: 1195517566}
  m_LocalRotation: {x: 0, y: 0, z: 0, w: 1}
  m_LocalPosition: {x: 0, y: 0, z: 0}
  m_LocalScale: {x: 1, y: 1, z: 1}
  m_Children: []
  m_Father: {fileID: 342275633}
  m_RootOrder: 3
  m_LocalEulerAnglesHint: {x: 0, y: 0, z: 0}
--- !u!114 &1195517568
MonoBehaviour:
  m_ObjectHideFlags: 0
  m_PrefabParentObject: {fileID: 114000014256863992, guid: 3eddd1c29199313478dd3f912bfab2ab,
    type: 2}
  m_PrefabInternal: {fileID: 1722989860}
  m_GameObject: {fileID: 1195517566}
  m_Enabled: 1
  m_EditorHideFlags: 0
  m_Script: {fileID: 11500000, guid: 1350e83623c005741ad0d1b09834ed62, type: 3}
  m_Name: 
  m_EditorClassIdentifier: 
  buttonType: 18
--- !u!1 &1267999195
GameObject:
  m_ObjectHideFlags: 0
  m_PrefabParentObject: {fileID: 1000013803292764, guid: 3eddd1c29199313478dd3f912bfab2ab,
    type: 2}
  m_PrefabInternal: {fileID: 1722989860}
  serializedVersion: 5
  m_Component:
  - component: {fileID: 1267999196}
  - component: {fileID: 1267999197}
  m_Layer: 0
  m_Name: FingerDownButton
  m_TagString: Untagged
  m_Icon: {fileID: 0}
  m_NavMeshLayer: 0
  m_StaticEditorFlags: 0
  m_IsActive: 1
--- !u!4 &1267999196
Transform:
  m_ObjectHideFlags: 0
  m_PrefabParentObject: {fileID: 4000013940582514, guid: 3eddd1c29199313478dd3f912bfab2ab,
    type: 2}
  m_PrefabInternal: {fileID: 1722989860}
  m_GameObject: {fileID: 1267999195}
  m_LocalRotation: {x: 0, y: 0, z: 0, w: 1}
  m_LocalPosition: {x: 0, y: 0, z: 0}
  m_LocalScale: {x: 1, y: 1, z: 1}
  m_Children: []
  m_Father: {fileID: 398522347}
  m_RootOrder: 3
  m_LocalEulerAnglesHint: {x: 0, y: 0, z: 0}
--- !u!114 &1267999197
MonoBehaviour:
  m_ObjectHideFlags: 0
  m_PrefabParentObject: {fileID: 114000010332641428, guid: 3eddd1c29199313478dd3f912bfab2ab,
    type: 2}
  m_PrefabInternal: {fileID: 1722989860}
  m_GameObject: {fileID: 1267999195}
  m_Enabled: 1
  m_EditorHideFlags: 0
  m_Script: {fileID: 11500000, guid: 1350e83623c005741ad0d1b09834ed62, type: 3}
  m_Name: 
  m_EditorClassIdentifier: 
  buttonType: 12
--- !u!1 &1320721099
GameObject:
  m_ObjectHideFlags: 0
  m_PrefabParentObject: {fileID: 1000012744789930, guid: d379ed0a5618c9f479f58bd83a2d0ad3,
    type: 2}
  m_PrefabInternal: {fileID: 1967462905}
  serializedVersion: 5
  m_Component:
  - component: {fileID: 1320721100}
  - component: {fileID: 1320721101}
  m_Layer: 0
  m_Name: MouseXYTranslationAxis
  m_TagString: Untagged
  m_Icon: {fileID: 0}
  m_NavMeshLayer: 0
  m_StaticEditorFlags: 0
  m_IsActive: 1
--- !u!4 &1320721100
Transform:
  m_ObjectHideFlags: 0
  m_PrefabParentObject: {fileID: 4000010393938340, guid: d379ed0a5618c9f479f58bd83a2d0ad3,
    type: 2}
  m_PrefabInternal: {fileID: 1967462905}
  m_GameObject: {fileID: 1320721099}
  m_LocalRotation: {x: -0, y: -0, z: -0, w: 1}
  m_LocalPosition: {x: 0, y: 0, z: 0}
  m_LocalScale: {x: 1, y: 1, z: 1}
  m_Children: []
  m_Father: {fileID: 809411720}
  m_RootOrder: 1
  m_LocalEulerAnglesHint: {x: 0, y: 0, z: 0}
--- !u!114 &1320721101
MonoBehaviour:
  m_ObjectHideFlags: 0
  m_PrefabParentObject: {fileID: 114000011359953050, guid: d379ed0a5618c9f479f58bd83a2d0ad3,
    type: 2}
  m_PrefabInternal: {fileID: 1967462905}
  m_GameObject: {fileID: 1320721099}
  m_Enabled: 1
  m_EditorHideFlags: 0
  m_Script: {fileID: 11500000, guid: d1b627838df61e64baecc87fee2dec17, type: 3}
  m_Name: 
  m_EditorClassIdentifier: 
  SensitivityScale: 1
  axisType: 13
  buttonType: 21
  InputManagerHorizontalAxisName: 
  InputManagerVerticalAxisName: 
  Axis0Destination: 0
  Axis1Destination: 2
  Axis2Destination: 6
--- !u!1 &1387377070
GameObject:
  m_ObjectHideFlags: 0
  m_PrefabParentObject: {fileID: 0}
  m_PrefabInternal: {fileID: 0}
  serializedVersion: 5
  m_Component:
  - component: {fileID: 1387377071}
  - component: {fileID: 1387377076}
  m_Layer: 0
  m_Name: Input
  m_TagString: Untagged
  m_Icon: {fileID: 0}
  m_NavMeshLayer: 0
  m_StaticEditorFlags: 0
  m_IsActive: 1
--- !u!4 &1387377071
Transform:
  m_ObjectHideFlags: 0
  m_PrefabParentObject: {fileID: 0}
  m_PrefabInternal: {fileID: 0}
  m_GameObject: {fileID: 1387377070}
  m_LocalRotation: {x: 0, y: 0, z: 0, w: 1}
  m_LocalPosition: {x: 0, y: 0, z: 0}
  m_LocalScale: {x: 1, y: 1, z: 1}
  m_Children:
  - {fileID: 614058336}
  m_Father: {fileID: 0}
  m_RootOrder: 4
  m_LocalEulerAnglesHint: {x: 0, y: 0, z: 0}
--- !u!114 &1387377076
MonoBehaviour:
  m_ObjectHideFlags: 0
  m_PrefabParentObject: {fileID: 0}
  m_PrefabInternal: {fileID: 0}
  m_GameObject: {fileID: 1387377070}
  m_Enabled: 1
  m_EditorHideFlags: 0
  m_Script: {fileID: 11500000, guid: 3f2795b3e072e1745a4f8c670d64284f, type: 3}
  m_Name: 
  m_EditorClassIdentifier: 
  RecognizerStart: 0
  KeywordsAndResponses:
  - Keyword: remove
    KeyCode: 0
    Response:
      m_PersistentCalls:
        m_Calls:
        - m_Target: {fileID: 55036825}
          m_MethodName: DeleteLine
          m_Mode: 1
          m_Arguments:
            m_ObjectArgument: {fileID: 0}
            m_ObjectArgumentAssemblyTypeName: UnityEngine.Object, UnityEngine
            m_IntArgument: 0
            m_FloatArgument: 0
            m_StringArgument: 
            m_BoolArgument: 0
          m_CallState: 2
      m_TypeName: UnityEngine.Events.UnityEvent, UnityEngine, Version=0.0.0.0, Culture=neutral,
        PublicKeyToken=null
  - Keyword: remove all
    KeyCode: 0
    Response:
      m_PersistentCalls:
        m_Calls:
        - m_Target: {fileID: 55036825}
          m_MethodName: ClearAll
          m_Mode: 1
          m_Arguments:
            m_ObjectArgument: {fileID: 0}
            m_ObjectArgumentAssemblyTypeName: UnityEngine.Object, UnityEngine
            m_IntArgument: 0
            m_FloatArgument: 0
            m_StringArgument: 
            m_BoolArgument: 0
          m_CallState: 2
      m_TypeName: UnityEngine.Events.UnityEvent, UnityEngine, Version=0.0.0.0, Culture=neutral,
        PublicKeyToken=null
  - Keyword: close
    KeyCode: 99
    Response:
      m_PersistentCalls:
        m_Calls:
        - m_Target: {fileID: 55036825}
          m_MethodName: OnPolygonClose
          m_Mode: 1
          m_Arguments:
            m_ObjectArgument: {fileID: 0}
            m_ObjectArgumentAssemblyTypeName: UnityEngine.Object, UnityEngine
            m_IntArgument: 0
            m_FloatArgument: 0
            m_StringArgument: 
            m_BoolArgument: 0
          m_CallState: 2
      m_TypeName: UnityEngine.Events.UnityEvent, UnityEngine, Version=0.0.0.0, Culture=neutral,
        PublicKeyToken=null
  - Keyword: change mode
    KeyCode: 0
    Response:
      m_PersistentCalls:
        m_Calls:
        - m_Target: {fileID: 55036825}
          m_MethodName: OnModeChange
          m_Mode: 1
          m_Arguments:
            m_ObjectArgument: {fileID: 0}
            m_ObjectArgumentAssemblyTypeName: UnityEngine.Object, UnityEngine
            m_IntArgument: 0
            m_FloatArgument: 0
            m_StringArgument: 
            m_BoolArgument: 0
          m_CallState: 2
      m_TypeName: UnityEngine.Events.UnityEvent, UnityEngine, Version=0.0.0.0, Culture=neutral,
        PublicKeyToken=null
--- !u!1 &1411448534
GameObject:
  m_ObjectHideFlags: 0
  m_PrefabParentObject: {fileID: 1000010322050210, guid: 90749889d87976143a9e21072d2434b4,
    type: 2}
  m_PrefabInternal: {fileID: 106253988}
  serializedVersion: 5
  m_Component:
  - component: {fileID: 1411448535}
  m_Layer: 2
  m_Name: cursor_sizeNorthSouth_ring
  m_TagString: Untagged
  m_Icon: {fileID: 0}
  m_NavMeshLayer: 0
  m_StaticEditorFlags: 0
  m_IsActive: 1
--- !u!4 &1411448535
Transform:
  m_ObjectHideFlags: 0
  m_PrefabParentObject: {fileID: 4000011066195266, guid: 90749889d87976143a9e21072d2434b4,
    type: 2}
  m_PrefabInternal: {fileID: 106253988}
  m_GameObject: {fileID: 1411448534}
  m_LocalRotation: {x: 0, y: 0, z: 0, w: 1}
  m_LocalPosition: {x: 0, y: 0, z: 0}
  m_LocalScale: {x: 1, y: 1, z: 1}
  m_Children:
  - {fileID: 926435501}
  - {fileID: 1715817164}
  m_Father: {fileID: 1414733432}
  m_RootOrder: 1
  m_LocalEulerAnglesHint: {x: 0, y: 0, z: 0}
--- !u!1 &1414733431
GameObject:
  m_ObjectHideFlags: 0
  m_PrefabParentObject: {fileID: 1000014030841020, guid: 90749889d87976143a9e21072d2434b4,
    type: 2}
  m_PrefabInternal: {fileID: 106253988}
  serializedVersion: 5
  m_Component:
  - component: {fileID: 1414733432}
  m_Layer: 2
  m_Name: Cursor_SizeNorthSouth
  m_TagString: Untagged
  m_Icon: {fileID: 0}
  m_NavMeshLayer: 0
  m_StaticEditorFlags: 0
  m_IsActive: 1
--- !u!4 &1414733432
Transform:
  m_ObjectHideFlags: 0
  m_PrefabParentObject: {fileID: 4000010841534134, guid: 90749889d87976143a9e21072d2434b4,
    type: 2}
  m_PrefabInternal: {fileID: 106253988}
  m_GameObject: {fileID: 1414733431}
  m_LocalRotation: {x: 0, y: 0, z: 0, w: 1}
  m_LocalPosition: {x: 0, y: 0, z: 0}
  m_LocalScale: {x: 1, y: 1, z: 1}
  m_Children:
  - {fileID: 411035020}
  - {fileID: 1411448535}
  m_Father: {fileID: 359280056}
  m_RootOrder: 1
  m_LocalEulerAnglesHint: {x: 0, y: 0, z: 0}
--- !u!1 &1423018320
GameObject:
  m_ObjectHideFlags: 0
  m_PrefabParentObject: {fileID: 1000011026140476, guid: d379ed0a5618c9f479f58bd83a2d0ad3,
    type: 2}
  m_PrefabInternal: {fileID: 1967462905}
  serializedVersion: 5
  m_Component:
  - component: {fileID: 1423018321}
  - component: {fileID: 1423018322}
  m_Layer: 0
  m_Name: JoystickXYTranslationAxis
  m_TagString: Untagged
  m_Icon: {fileID: 0}
  m_NavMeshLayer: 0
  m_StaticEditorFlags: 0
  m_IsActive: 1
--- !u!4 &1423018321
Transform:
  m_ObjectHideFlags: 0
  m_PrefabParentObject: {fileID: 4000014150713462, guid: d379ed0a5618c9f479f58bd83a2d0ad3,
    type: 2}
  m_PrefabInternal: {fileID: 1967462905}
  m_GameObject: {fileID: 1423018320}
  m_LocalRotation: {x: -0, y: -0, z: -0, w: 1}
  m_LocalPosition: {x: 0, y: 0, z: 0}
  m_LocalScale: {x: 1, y: 1, z: 1}
  m_Children: []
  m_Father: {fileID: 809411720}
  m_RootOrder: 8
  m_LocalEulerAnglesHint: {x: 0, y: 0, z: 0}
--- !u!114 &1423018322
MonoBehaviour:
  m_ObjectHideFlags: 0
  m_PrefabParentObject: {fileID: 114000010160007858, guid: d379ed0a5618c9f479f58bd83a2d0ad3,
    type: 2}
  m_PrefabInternal: {fileID: 1967462905}
  m_GameObject: {fileID: 1423018320}
  m_Enabled: 0
  m_EditorHideFlags: 0
  m_Script: {fileID: 11500000, guid: d1b627838df61e64baecc87fee2dec17, type: 3}
  m_Name: 
  m_EditorClassIdentifier: 
  SensitivityScale: 3
  axisType: 0
  buttonType: 21
  InputManagerHorizontalAxisName: LeftTrigger
  InputManagerVerticalAxisName: RightTrigger
  Axis0Destination: 2
  Axis1Destination: 3
  Axis2Destination: 6
--- !u!1 &1439459767
GameObject:
  m_ObjectHideFlags: 0
  m_PrefabParentObject: {fileID: 0}
  m_PrefabInternal: {fileID: 0}
  serializedVersion: 5
  m_Component:
  - component: {fileID: 1439459768}
  - component: {fileID: 1439459769}
  m_Layer: 0
  m_Name: Line Manager
  m_TagString: Untagged
  m_Icon: {fileID: 0}
  m_NavMeshLayer: 0
  m_StaticEditorFlags: 0
  m_IsActive: 1
--- !u!4 &1439459768
Transform:
  m_ObjectHideFlags: 0
  m_PrefabParentObject: {fileID: 0}
  m_PrefabInternal: {fileID: 0}
  m_GameObject: {fileID: 1439459767}
  m_LocalRotation: {x: 0, y: 0, z: 0, w: 1}
  m_LocalPosition: {x: 0, y: 0, z: 0}
  m_LocalScale: {x: 1, y: 1, z: 1}
  m_Children: []
  m_Father: {fileID: 55036826}
  m_RootOrder: 0
  m_LocalEulerAnglesHint: {x: 0, y: 0, z: 0}
--- !u!114 &1439459769
MonoBehaviour:
  m_ObjectHideFlags: 0
  m_PrefabParentObject: {fileID: 0}
  m_PrefabInternal: {fileID: 0}
  m_GameObject: {fileID: 1439459767}
  m_Enabled: 1
  m_EditorHideFlags: 0
  m_Script: {fileID: 11500000, guid: a5d5e44cceb7c2c45871c9ce79c27e2b, type: 3}
  m_Name: 
  m_EditorClassIdentifier: 
--- !u!1 &1460763228
GameObject:
  m_ObjectHideFlags: 0
  m_PrefabParentObject: {fileID: 1000011947540078, guid: d379ed0a5618c9f479f58bd83a2d0ad3,
    type: 2}
  m_PrefabInternal: {fileID: 1967462905}
  serializedVersion: 5
  m_Component:
  - component: {fileID: 1460763229}
  - component: {fileID: 1460763230}
  m_Layer: 0
  m_Name: MouseXZTranslationAxis
  m_TagString: Untagged
  m_Icon: {fileID: 0}
  m_NavMeshLayer: 0
  m_StaticEditorFlags: 0
  m_IsActive: 1
--- !u!4 &1460763229
Transform:
  m_ObjectHideFlags: 0
  m_PrefabParentObject: {fileID: 4000012378391282, guid: d379ed0a5618c9f479f58bd83a2d0ad3,
    type: 2}
  m_PrefabInternal: {fileID: 1967462905}
  m_GameObject: {fileID: 1460763228}
  m_LocalRotation: {x: 0, y: 0, z: 0, w: 1}
  m_LocalPosition: {x: 0, y: 0, z: 0}
  m_LocalScale: {x: 1, y: 1, z: 1}
  m_Children: []
  m_Father: {fileID: 809411720}
  m_RootOrder: 2
  m_LocalEulerAnglesHint: {x: 0, y: 0, z: 0}
--- !u!114 &1460763230
MonoBehaviour:
  m_ObjectHideFlags: 0
  m_PrefabParentObject: {fileID: 114000013988799740, guid: d379ed0a5618c9f479f58bd83a2d0ad3,
    type: 2}
  m_PrefabInternal: {fileID: 1967462905}
  m_GameObject: {fileID: 1460763228}
  m_Enabled: 1
  m_EditorHideFlags: 0
  m_Script: {fileID: 11500000, guid: d1b627838df61e64baecc87fee2dec17, type: 3}
  m_Name: 
  m_EditorClassIdentifier: 
  SensitivityScale: 3
  axisType: 12
  buttonType: 3
  InputManagerHorizontalAxisName: 
  InputManagerVerticalAxisName: 
  Axis0Destination: 4
  Axis1Destination: 6
  Axis2Destination: 6
--- !u!1 &1493580235
GameObject:
  m_ObjectHideFlags: 0
  m_PrefabParentObject: {fileID: 1000011704672682, guid: 90749889d87976143a9e21072d2434b4,
    type: 2}
  m_PrefabInternal: {fileID: 106253988}
  serializedVersion: 5
  m_Component:
  - component: {fileID: 1493580236}
  - component: {fileID: 1493580237}
  m_Layer: 2
  m_Name: FeedbackParent
  m_TagString: Untagged
  m_Icon: {fileID: 0}
  m_NavMeshLayer: 0
  m_StaticEditorFlags: 0
  m_IsActive: 1
--- !u!4 &1493580236
Transform:
  m_ObjectHideFlags: 0
  m_PrefabParentObject: {fileID: 4000011699401982, guid: 90749889d87976143a9e21072d2434b4,
    type: 2}
  m_PrefabInternal: {fileID: 106253988}
  m_GameObject: {fileID: 1493580235}
  m_LocalRotation: {x: 0, y: 0, z: 0, w: 1}
  m_LocalPosition: {x: 0, y: 0, z: 0}
  m_LocalScale: {x: 1, y: 1, z: 1}
  m_Children:
  - {fileID: 359280056}
  m_Father: {fileID: 614058336}
  m_RootOrder: 0
  m_LocalEulerAnglesHint: {x: 0, y: 0, z: 0}
--- !u!114 &1493580237
MonoBehaviour:
  m_ObjectHideFlags: 0
  m_PrefabParentObject: {fileID: 114000010331726594, guid: 90749889d87976143a9e21072d2434b4,
    type: 2}
  m_PrefabInternal: {fileID: 106253988}
  m_GameObject: {fileID: 1493580235}
  m_Enabled: 1
  m_EditorHideFlags: 0
  m_Script: {fileID: 11500000, guid: ac8d5b128a1d8204fb76c86f47b75912, type: 3}
  m_Name: 
  m_EditorClassIdentifier: 
  PivotAxis: 0
--- !u!1001 &1588939142
Prefab:
  m_ObjectHideFlags: 0
  serializedVersion: 2
  m_Modification:
    m_TransformParent: {fileID: 0}
    m_Modifications:
    - target: {fileID: 4000013298573622, guid: 2ed75ffdf9031c94e8bce4b3d17b9928, type: 2}
      propertyPath: m_LocalPosition.x
      value: 0
      objectReference: {fileID: 0}
    - target: {fileID: 4000013298573622, guid: 2ed75ffdf9031c94e8bce4b3d17b9928, type: 2}
      propertyPath: m_LocalPosition.y
      value: 0
      objectReference: {fileID: 0}
    - target: {fileID: 4000013298573622, guid: 2ed75ffdf9031c94e8bce4b3d17b9928, type: 2}
      propertyPath: m_LocalPosition.z
      value: 0
      objectReference: {fileID: 0}
    - target: {fileID: 4000013298573622, guid: 2ed75ffdf9031c94e8bce4b3d17b9928, type: 2}
      propertyPath: m_LocalRotation.x
      value: 0
      objectReference: {fileID: 0}
    - target: {fileID: 4000013298573622, guid: 2ed75ffdf9031c94e8bce4b3d17b9928, type: 2}
      propertyPath: m_LocalRotation.y
      value: 0
      objectReference: {fileID: 0}
    - target: {fileID: 4000013298573622, guid: 2ed75ffdf9031c94e8bce4b3d17b9928, type: 2}
      propertyPath: m_LocalRotation.z
      value: 0
      objectReference: {fileID: 0}
    - target: {fileID: 4000013298573622, guid: 2ed75ffdf9031c94e8bce4b3d17b9928, type: 2}
      propertyPath: m_LocalRotation.w
      value: 1
      objectReference: {fileID: 0}
    - target: {fileID: 4000013298573622, guid: 2ed75ffdf9031c94e8bce4b3d17b9928, type: 2}
      propertyPath: m_RootOrder
      value: 2
      objectReference: {fileID: 0}
    - target: {fileID: 114000011154029958, guid: 2ed75ffdf9031c94e8bce4b3d17b9928,
        type: 2}
      propertyPath: drawVisualMeshes
      value: 1
      objectReference: {fileID: 0}
    - target: {fileID: 114000012698980792, guid: 2ed75ffdf9031c94e8bce4b3d17b9928,
        type: 2}
      propertyPath: TrianglesPerCubicMeter
      value: 450
      objectReference: {fileID: 0}
    m_RemovedComponents: []
  m_ParentPrefab: {fileID: 100100000, guid: 2ed75ffdf9031c94e8bce4b3d17b9928, type: 2}
  m_RootGameObject: {fileID: 1758781352}
  m_IsPrefabParent: 0
--- !u!1 &1614711996
GameObject:
  m_ObjectHideFlags: 0
  m_PrefabParentObject: {fileID: 0}
  m_PrefabInternal: {fileID: 0}
  serializedVersion: 5
  m_Component:
  - component: {fileID: 1614711997}
  - component: {fileID: 1614711998}
  m_Layer: 0
  m_Name: Polygon Manager
  m_TagString: Untagged
  m_Icon: {fileID: 0}
  m_NavMeshLayer: 0
  m_StaticEditorFlags: 0
  m_IsActive: 1
--- !u!4 &1614711997
Transform:
  m_ObjectHideFlags: 0
  m_PrefabParentObject: {fileID: 0}
  m_PrefabInternal: {fileID: 0}
  m_GameObject: {fileID: 1614711996}
  m_LocalRotation: {x: 0, y: 0, z: 0, w: 1}
  m_LocalPosition: {x: 0, y: 0, z: 0}
  m_LocalScale: {x: 1, y: 1, z: 1}
  m_Children: []
  m_Father: {fileID: 55036826}
  m_RootOrder: 1
  m_LocalEulerAnglesHint: {x: 0, y: 0, z: 0}
--- !u!114 &1614711998
MonoBehaviour:
  m_ObjectHideFlags: 0
  m_PrefabParentObject: {fileID: 0}
  m_PrefabInternal: {fileID: 0}
  m_GameObject: {fileID: 1614711996}
  m_Enabled: 1
  m_EditorHideFlags: 0
  m_Script: {fileID: 11500000, guid: 84153309644c9c345acd26770e8aefa4, type: 3}
  m_Name: 
  m_EditorClassIdentifier: 
--- !u!1 &1626498836
GameObject:
  m_ObjectHideFlags: 0
  m_PrefabParentObject: {fileID: 1000011021619270, guid: d379ed0a5618c9f479f58bd83a2d0ad3,
    type: 2}
  m_PrefabInternal: {fileID: 1967462905}
  serializedVersion: 5
  m_Component:
  - component: {fileID: 1626498842}
  - component: {fileID: 1626498841}
  - component: {fileID: 1626498840}
  - component: {fileID: 1626498839}
  - component: {fileID: 1626498838}
  - component: {fileID: 1626498837}
  m_Layer: 0
  m_Name: HoloLensCamera
  m_TagString: MainCamera
  m_Icon: {fileID: 0}
  m_NavMeshLayer: 0
  m_StaticEditorFlags: 0
  m_IsActive: 1
--- !u!114 &1626498837
MonoBehaviour:
  m_ObjectHideFlags: 0
  m_PrefabParentObject: {fileID: 114000013543835744, guid: d379ed0a5618c9f479f58bd83a2d0ad3,
    type: 2}
  m_PrefabInternal: {fileID: 1967462905}
  m_GameObject: {fileID: 1626498836}
  m_Enabled: 1
  m_EditorHideFlags: 0
  m_Script: {fileID: 11500000, guid: 9cf6ab24363b7a74da25766ea8ba6809, type: 3}
  m_Name: 
  m_EditorClassIdentifier: 
  MouseSupported: 1
  MouseXYRotationAxisControl: {fileID: 330359002}
  MouseXYTranslationAxisControl: {fileID: 1320721101}
  MouseXZTranslationAxisControl: {fileID: 1460763230}
  KeyboardSupported: 1
  KeyboardXYRotationAxisControl: {fileID: 418872132}
  KeyboardXZRotationAxisControl: {fileID: 1827022452}
  KeyboardXYTranslationAxisControl: {fileID: 874881713}
  KeyboardXZTranslationAxisControl: {fileID: 1748300717}
  JoystickSupported: 0
  JoystickXYRotationAxisControl: {fileID: 462286091}
  JoystickXYTranslationAxisControl: {fileID: 1423018322}
  JoystickXZTranslationAxisControl: {fileID: 1954879748}
--- !u!81 &1626498838
AudioListener:
  m_ObjectHideFlags: 0
  m_PrefabParentObject: {fileID: 81000013783107718, guid: d379ed0a5618c9f479f58bd83a2d0ad3,
    type: 2}
  m_PrefabInternal: {fileID: 1967462905}
  m_GameObject: {fileID: 1626498836}
  m_Enabled: 1
--- !u!124 &1626498839
Behaviour:
  m_ObjectHideFlags: 0
  m_PrefabParentObject: {fileID: 124000011504821460, guid: d379ed0a5618c9f479f58bd83a2d0ad3,
    type: 2}
  m_PrefabInternal: {fileID: 1967462905}
  m_GameObject: {fileID: 1626498836}
  m_Enabled: 1
--- !u!92 &1626498840
Behaviour:
  m_ObjectHideFlags: 0
  m_PrefabParentObject: {fileID: 92000010221946138, guid: d379ed0a5618c9f479f58bd83a2d0ad3,
    type: 2}
  m_PrefabInternal: {fileID: 1967462905}
  m_GameObject: {fileID: 1626498836}
  m_Enabled: 1
--- !u!20 &1626498841
Camera:
  m_ObjectHideFlags: 0
  m_PrefabParentObject: {fileID: 20000013304850028, guid: d379ed0a5618c9f479f58bd83a2d0ad3,
    type: 2}
  m_PrefabInternal: {fileID: 1967462905}
  m_GameObject: {fileID: 1626498836}
  m_Enabled: 1
  serializedVersion: 2
  m_ClearFlags: 2
  m_BackGroundColor: {r: 0, g: 0, b: 0, a: 0}
  m_NormalizedViewPortRect:
    serializedVersion: 2
    x: 0
    y: 0
    width: 1
    height: 1
  near clip plane: 0.85
  far clip plane: 1000
  field of view: 16
  orthographic: 0
  orthographic size: 5
  m_Depth: -1
  m_CullingMask:
    serializedVersion: 2
    m_Bits: 4294967295
  m_RenderingPath: -1
  m_TargetTexture: {fileID: 0}
  m_TargetDisplay: 0
  m_TargetEye: 3
  m_HDR: 0
  m_OcclusionCulling: 1
  m_StereoConvergence: 10
  m_StereoSeparation: 0.022
  m_StereoMirrorMode: 0
--- !u!4 &1626498842
Transform:
  m_ObjectHideFlags: 0
  m_PrefabParentObject: {fileID: 4000010560871102, guid: d379ed0a5618c9f479f58bd83a2d0ad3,
    type: 2}
  m_PrefabInternal: {fileID: 1967462905}
  m_GameObject: {fileID: 1626498836}
  m_LocalRotation: {x: 0, y: 0, z: 0, w: 1}
  m_LocalPosition: {x: 0, y: 0, z: 0}
  m_LocalScale: {x: 1, y: 1, z: 1}
  m_Children:
  - {fileID: 809411720}
  m_Father: {fileID: 0}
  m_RootOrder: 6
  m_LocalEulerAnglesHint: {x: 0, y: 0, z: 0}
--- !u!1 &1658471656
GameObject:
  m_ObjectHideFlags: 0
  m_PrefabParentObject: {fileID: 1000012616863954, guid: 3eddd1c29199313478dd3f912bfab2ab,
    type: 2}
  m_PrefabInternal: {fileID: 1722989860}
  serializedVersion: 5
  m_Component:
  - component: {fileID: 1658471657}
  - component: {fileID: 1658471658}
  m_Layer: 0
  m_Name: GesturesInput
  m_TagString: Untagged
  m_Icon: {fileID: 0}
  m_NavMeshLayer: 0
  m_StaticEditorFlags: 0
  m_IsActive: 1
--- !u!4 &1658471657
Transform:
  m_ObjectHideFlags: 0
  m_PrefabParentObject: {fileID: 4000010261267946, guid: 3eddd1c29199313478dd3f912bfab2ab,
    type: 2}
  m_PrefabInternal: {fileID: 1722989860}
  m_GameObject: {fileID: 1658471656}
  m_LocalRotation: {x: 0, y: 0, z: 0, w: 1}
  m_LocalPosition: {x: 0, y: 0, z: 0}
  m_LocalScale: {x: 1, y: 1, z: 1}
  m_Children: []
  m_Father: {fileID: 639222286}
  m_RootOrder: 2
  m_LocalEulerAnglesHint: {x: 0, y: 0, z: 0}
--- !u!114 &1658471658
MonoBehaviour:
  m_ObjectHideFlags: 0
  m_PrefabParentObject: {fileID: 114000012864906760, guid: 3eddd1c29199313478dd3f912bfab2ab,
    type: 2}
  m_PrefabInternal: {fileID: 1722989860}
  m_GameObject: {fileID: 1658471656}
  m_Enabled: 1
  m_EditorHideFlags: 0
  m_Script: {fileID: 11500000, guid: d40781677294a0e4caffa3460012ae41, type: 3}
  m_Name: 
  m_EditorClassIdentifier: 
  UseRailsNavigation: 0
--- !u!1 &1715817163
GameObject:
  m_ObjectHideFlags: 0
  m_PrefabParentObject: {fileID: 1000012742806780, guid: 90749889d87976143a9e21072d2434b4,
    type: 2}
  m_PrefabInternal: {fileID: 106253988}
  serializedVersion: 5
  m_Component:
  - component: {fileID: 1715817164}
  m_Layer: 2
  m_Name: cursor_sizeNorthSouth_ring_press_scale
  m_TagString: Untagged
  m_Icon: {fileID: 0}
  m_NavMeshLayer: 0
  m_StaticEditorFlags: 0
  m_IsActive: 1
--- !u!4 &1715817164
Transform:
  m_ObjectHideFlags: 0
  m_PrefabParentObject: {fileID: 4000010087820484, guid: 90749889d87976143a9e21072d2434b4,
    type: 2}
  m_PrefabInternal: {fileID: 106253988}
  m_GameObject: {fileID: 1715817163}
  m_LocalRotation: {x: 0, y: 0, z: 0, w: 1}
  m_LocalPosition: {x: -0, y: 0, z: 0.004}
  m_LocalScale: {x: 1, y: 1, z: 1}
  m_Children: []
  m_Father: {fileID: 1411448535}
  m_RootOrder: 1
  m_LocalEulerAnglesHint: {x: 0, y: 0, z: 0}
--- !u!1001 &1722989860
Prefab:
  m_ObjectHideFlags: 0
  serializedVersion: 2
  m_Modification:
    m_TransformParent: {fileID: 0}
    m_Modifications:
    - target: {fileID: 4000011656901714, guid: 3eddd1c29199313478dd3f912bfab2ab, type: 2}
      propertyPath: m_LocalPosition.x
      value: 0
      objectReference: {fileID: 0}
    - target: {fileID: 4000011656901714, guid: 3eddd1c29199313478dd3f912bfab2ab, type: 2}
      propertyPath: m_LocalPosition.y
      value: 0
      objectReference: {fileID: 0}
    - target: {fileID: 4000011656901714, guid: 3eddd1c29199313478dd3f912bfab2ab, type: 2}
      propertyPath: m_LocalPosition.z
      value: 0
      objectReference: {fileID: 0}
    - target: {fileID: 4000011656901714, guid: 3eddd1c29199313478dd3f912bfab2ab, type: 2}
      propertyPath: m_LocalRotation.x
      value: 0
      objectReference: {fileID: 0}
    - target: {fileID: 4000011656901714, guid: 3eddd1c29199313478dd3f912bfab2ab, type: 2}
      propertyPath: m_LocalRotation.y
      value: 0
      objectReference: {fileID: 0}
    - target: {fileID: 4000011656901714, guid: 3eddd1c29199313478dd3f912bfab2ab, type: 2}
      propertyPath: m_LocalRotation.z
      value: 0
      objectReference: {fileID: 0}
    - target: {fileID: 4000011656901714, guid: 3eddd1c29199313478dd3f912bfab2ab, type: 2}
      propertyPath: m_LocalRotation.w
      value: 1
      objectReference: {fileID: 0}
    - target: {fileID: 4000011656901714, guid: 3eddd1c29199313478dd3f912bfab2ab, type: 2}
      propertyPath: m_RootOrder
      value: 3
      objectReference: {fileID: 0}
    m_RemovedComponents: []
  m_ParentPrefab: {fileID: 100100000, guid: 3eddd1c29199313478dd3f912bfab2ab, type: 2}
  m_RootGameObject: {fileID: 639222281}
  m_IsPrefabParent: 0
--- !u!1 &1748300715
GameObject:
  m_ObjectHideFlags: 0
  m_PrefabParentObject: {fileID: 1000010956895450, guid: d379ed0a5618c9f479f58bd83a2d0ad3,
    type: 2}
  m_PrefabInternal: {fileID: 1967462905}
  serializedVersion: 5
  m_Component:
  - component: {fileID: 1748300716}
  - component: {fileID: 1748300717}
  m_Layer: 0
  m_Name: KeyboardXZTranslationAxis
  m_TagString: Untagged
  m_Icon: {fileID: 0}
  m_NavMeshLayer: 0
  m_StaticEditorFlags: 0
  m_IsActive: 1
--- !u!4 &1748300716
Transform:
  m_ObjectHideFlags: 0
  m_PrefabParentObject: {fileID: 4000011708201582, guid: d379ed0a5618c9f479f58bd83a2d0ad3,
    type: 2}
  m_PrefabInternal: {fileID: 1967462905}
  m_GameObject: {fileID: 1748300715}
  m_LocalRotation: {x: -0, y: -0, z: -0, w: 1}
  m_LocalPosition: {x: 0, y: 0, z: 0}
  m_LocalScale: {x: 1, y: 1, z: 1}
  m_Children: []
  m_Father: {fileID: 809411720}
  m_RootOrder: 6
  m_LocalEulerAnglesHint: {x: 0, y: 0, z: 0}
--- !u!114 &1748300717
MonoBehaviour:
  m_ObjectHideFlags: 0
  m_PrefabParentObject: {fileID: 114000012656745502, guid: d379ed0a5618c9f479f58bd83a2d0ad3,
    type: 2}
  m_PrefabInternal: {fileID: 1967462905}
  m_GameObject: {fileID: 1748300715}
  m_Enabled: 1
  m_EditorHideFlags: 0
  m_Script: {fileID: 11500000, guid: d1b627838df61e64baecc87fee2dec17, type: 3}
  m_Name: 
  m_EditorClassIdentifier: 
  SensitivityScale: 3
  axisType: 0
  buttonType: 21
  InputManagerHorizontalAxisName: Horizontal
  InputManagerVerticalAxisName: Vertical
  Axis0Destination: 0
  Axis1Destination: 4
  Axis2Destination: 6
--- !u!1 &1758781352
GameObject:
  m_ObjectHideFlags: 0
  m_PrefabParentObject: {fileID: 1000010302963436, guid: 2ed75ffdf9031c94e8bce4b3d17b9928,
    type: 2}
  m_PrefabInternal: {fileID: 1588939142}
  serializedVersion: 5
  m_Component:
  - component: {fileID: 1758781356}
  - component: {fileID: 1758781355}
  - component: {fileID: 1758781354}
  - component: {fileID: 1758781353}
  m_Layer: 0
  m_Name: SpatialMapping
  m_TagString: Untagged
  m_Icon: {fileID: 0}
  m_NavMeshLayer: 0
  m_StaticEditorFlags: 0
  m_IsActive: 1
--- !u!114 &1758781353
MonoBehaviour:
  m_ObjectHideFlags: 0
  m_PrefabParentObject: {fileID: 114000012149591842, guid: 2ed75ffdf9031c94e8bce4b3d17b9928,
    type: 2}
  m_PrefabInternal: {fileID: 1588939142}
  m_GameObject: {fileID: 1758781352}
  m_Enabled: 1
  m_EditorHideFlags: 0
  m_Script: {fileID: 11500000, guid: 13d883c0118351e4890753200e0ac916, type: 3}
  m_Name: 
  m_EditorClassIdentifier: 
  roomModel: {fileID: 0}
--- !u!114 &1758781354
MonoBehaviour:
  m_ObjectHideFlags: 0
  m_PrefabParentObject: {fileID: 114000011154029958, guid: 2ed75ffdf9031c94e8bce4b3d17b9928,
    type: 2}
  m_PrefabInternal: {fileID: 1588939142}
  m_GameObject: {fileID: 1758781352}
  m_Enabled: 1
  m_EditorHideFlags: 0
  m_Script: {fileID: 11500000, guid: d587b71ba3b55e44f9654cec8898c32f, type: 3}
  m_Name: 
  m_EditorClassIdentifier: 
  PhysicsLayer: 31
  surfaceMaterial: {fileID: 2100000, guid: d698790d3facd3d4289a13fa1243030a, type: 2}
  autoStartObserver: 1
  drawVisualMeshes: 1
  castShadows: 0
--- !u!114 &1758781355
MonoBehaviour:
  m_ObjectHideFlags: 0
  m_PrefabParentObject: {fileID: 114000012698980792, guid: 2ed75ffdf9031c94e8bce4b3d17b9928,
    type: 2}
  m_PrefabInternal: {fileID: 1588939142}
  m_GameObject: {fileID: 1758781352}
  m_Enabled: 1
  m_EditorHideFlags: 0
  m_Script: {fileID: 11500000, guid: b2a98b181acba5549af3d852c7664623, type: 3}
  m_Name: 
  m_EditorClassIdentifier: 
  TrianglesPerCubicMeter: 450
  Extents: {x: 10, y: 10, z: 10}
  TimeBetweenUpdates: 3.5
--- !u!4 &1758781356
Transform:
  m_ObjectHideFlags: 0
  m_PrefabParentObject: {fileID: 4000013298573622, guid: 2ed75ffdf9031c94e8bce4b3d17b9928,
    type: 2}
  m_PrefabInternal: {fileID: 1588939142}
  m_GameObject: {fileID: 1758781352}
  m_LocalRotation: {x: 0, y: 0, z: 0, w: 1}
  m_LocalPosition: {x: 0, y: 0, z: 0}
  m_LocalScale: {x: 1, y: 1, z: 1}
  m_Children: []
  m_Father: {fileID: 0}
  m_RootOrder: 2
  m_LocalEulerAnglesHint: {x: 0, y: 0, z: 0}
--- !u!1 &1814162246
GameObject:
  m_ObjectHideFlags: 0
  m_PrefabParentObject: {fileID: 1000012125673284, guid: 90749889d87976143a9e21072d2434b4,
    type: 2}
  m_PrefabInternal: {fileID: 106253988}
  serializedVersion: 5
  m_Component:
  - component: {fileID: 1814162247}
  - component: {fileID: 1814162249}
  - component: {fileID: 1814162248}
  m_Layer: 2
  m_Name: CursorVisual
  m_TagString: Untagged
  m_Icon: {fileID: 0}
  m_NavMeshLayer: 0
  m_StaticEditorFlags: 0
  m_IsActive: 1
--- !u!4 &1814162247
Transform:
  m_ObjectHideFlags: 0
  m_PrefabParentObject: {fileID: 4000012320641616, guid: 90749889d87976143a9e21072d2434b4,
    type: 2}
  m_PrefabInternal: {fileID: 106253988}
  m_GameObject: {fileID: 1814162246}
  m_LocalRotation: {x: 0, y: 0, z: 0, w: 1}
  m_LocalPosition: {x: 0, y: 0, z: 0}
  m_LocalScale: {x: 1, y: 1, z: 1}
  m_Children: []
  m_Father: {fileID: 614058336}
  m_RootOrder: 1
  m_LocalEulerAnglesHint: {x: 0, y: 0, z: 0}
--- !u!23 &1814162248
MeshRenderer:
  m_ObjectHideFlags: 0
  m_PrefabParentObject: {fileID: 23000010103078400, guid: 90749889d87976143a9e21072d2434b4,
    type: 2}
  m_PrefabInternal: {fileID: 106253988}
  m_GameObject: {fileID: 1814162246}
  m_Enabled: 1
  m_CastShadows: 1
  m_ReceiveShadows: 1
  m_MotionVectors: 1
  m_LightProbeUsage: 1
  m_ReflectionProbeUsage: 1
  m_Materials:
  - {fileID: 2100000, guid: a2c9c4679b0c3cf47b3ba3a449c985d7, type: 2}
  m_StaticBatchInfo:
    firstSubMesh: 0
    subMeshCount: 0
  m_StaticBatchRoot: {fileID: 0}
  m_ProbeAnchor: {fileID: 0}
  m_LightProbeVolumeOverride: {fileID: 0}
  m_ScaleInLightmap: 1
  m_PreserveUVs: 0
  m_IgnoreNormalsForChartDetection: 0
  m_ImportantGI: 0
  m_SelectedEditorRenderState: 3
  m_MinimumChartSize: 4
  m_AutoUVMaxDistance: 0.5
  m_AutoUVMaxAngle: 89
  m_LightmapParameters: {fileID: 0}
  m_SortingLayerID: 0
  m_SortingOrder: 0
--- !u!33 &1814162249
MeshFilter:
  m_ObjectHideFlags: 0
  m_PrefabParentObject: {fileID: 33000014094570260, guid: 90749889d87976143a9e21072d2434b4,
    type: 2}
  m_PrefabInternal: {fileID: 106253988}
  m_GameObject: {fileID: 1814162246}
  m_Mesh: {fileID: 4300000, guid: c1000081192be7347a0ad0c380ed6171, type: 3}
--- !u!1 &1827022450
GameObject:
  m_ObjectHideFlags: 0
  m_PrefabParentObject: {fileID: 1000013425959562, guid: d379ed0a5618c9f479f58bd83a2d0ad3,
    type: 2}
  m_PrefabInternal: {fileID: 1967462905}
  serializedVersion: 5
  m_Component:
  - component: {fileID: 1827022451}
  - component: {fileID: 1827022452}
  m_Layer: 0
  m_Name: KeyboardXZRotationAxis
  m_TagString: Untagged
  m_Icon: {fileID: 0}
  m_NavMeshLayer: 0
  m_StaticEditorFlags: 0
  m_IsActive: 1
--- !u!4 &1827022451
Transform:
  m_ObjectHideFlags: 0
  m_PrefabParentObject: {fileID: 4000012536474926, guid: d379ed0a5618c9f479f58bd83a2d0ad3,
    type: 2}
  m_PrefabInternal: {fileID: 1967462905}
  m_GameObject: {fileID: 1827022450}
  m_LocalRotation: {x: -0, y: -0, z: -0, w: 1}
  m_LocalPosition: {x: 0, y: 0, z: 0}
  m_LocalScale: {x: 1, y: 1, z: 1}
  m_Children: []
  m_Father: {fileID: 809411720}
  m_RootOrder: 4
  m_LocalEulerAnglesHint: {x: 0, y: 0, z: 0}
--- !u!114 &1827022452
MonoBehaviour:
  m_ObjectHideFlags: 0
  m_PrefabParentObject: {fileID: 114000014171224568, guid: d379ed0a5618c9f479f58bd83a2d0ad3,
    type: 2}
  m_PrefabInternal: {fileID: 1967462905}
  m_GameObject: {fileID: 1827022450}
  m_Enabled: 1
  m_EditorHideFlags: 0
  m_Script: {fileID: 11500000, guid: d1b627838df61e64baecc87fee2dec17, type: 3}
  m_Name: 
  m_EditorClassIdentifier: 
  SensitivityScale: 1
  axisType: 7
  buttonType: 21
  InputManagerHorizontalAxisName: 
  InputManagerVerticalAxisName: 
  Axis0Destination: 5
  Axis1Destination: 4
  Axis2Destination: 6
--- !u!1 &1918819786
GameObject:
  m_ObjectHideFlags: 0
  m_PrefabParentObject: {fileID: 1000012762340454, guid: 90749889d87976143a9e21072d2434b4,
    type: 2}
  m_PrefabInternal: {fileID: 106253988}
  serializedVersion: 5
  m_Component:
  - component: {fileID: 1918819787}
  m_Layer: 2
  m_Name: Cursor_Ring
  m_TagString: Untagged
  m_Icon: {fileID: 0}
  m_NavMeshLayer: 0
  m_StaticEditorFlags: 0
  m_IsActive: 1
--- !u!4 &1918819787
Transform:
  m_ObjectHideFlags: 0
  m_PrefabParentObject: {fileID: 4000010452078394, guid: 90749889d87976143a9e21072d2434b4,
    type: 2}
  m_PrefabInternal: {fileID: 106253988}
  m_GameObject: {fileID: 1918819786}
  m_LocalRotation: {x: 0, y: 0, z: 0, w: 1}
  m_LocalPosition: {x: 0, y: 0, z: 0}
  m_LocalScale: {x: 1, y: 1, z: 1}
  m_Children:
  - {fileID: 559628666}
  m_Father: {fileID: 359280056}
  m_RootOrder: 0
  m_LocalEulerAnglesHint: {x: 0, y: 0, z: 0}
--- !u!1 &1919406331
GameObject:
  m_ObjectHideFlags: 0
  m_PrefabParentObject: {fileID: 1000010093781024, guid: 90749889d87976143a9e21072d2434b4,
    type: 2}
  m_PrefabInternal: {fileID: 106253988}
  serializedVersion: 5
  m_Component:
  - component: {fileID: 1919406332}
  - component: {fileID: 1919406334}
  - component: {fileID: 1919406333}
  m_Layer: 2
  m_Name: cursor_sizeNorthSouth_ring_interaction
  m_TagString: Untagged
  m_Icon: {fileID: 0}
  m_NavMeshLayer: 0
  m_StaticEditorFlags: 0
  m_IsActive: 1
--- !u!4 &1919406332
Transform:
  m_ObjectHideFlags: 0
  m_PrefabParentObject: {fileID: 4000012440933642, guid: 90749889d87976143a9e21072d2434b4,
    type: 2}
  m_PrefabInternal: {fileID: 106253988}
  m_GameObject: {fileID: 1919406331}
  m_LocalRotation: {x: 0, y: 0, z: 0, w: 1}
  m_LocalPosition: {x: 0.0017081683, y: 0.0013783139, z: -0.0012663525}
  m_LocalScale: {x: 0.02853388, y: 0.025535913, z: 0.03006477}
  m_Children: []
  m_Father: {fileID: 926435501}
  m_RootOrder: 0
  m_LocalEulerAnglesHint: {x: 0, y: 0, z: 0}
--- !u!23 &1919406333
MeshRenderer:
  m_ObjectHideFlags: 0
  m_PrefabParentObject: {fileID: 23000011644528258, guid: 90749889d87976143a9e21072d2434b4,
    type: 2}
  m_PrefabInternal: {fileID: 106253988}
  m_GameObject: {fileID: 1919406331}
  m_Enabled: 1
  m_CastShadows: 1
  m_ReceiveShadows: 1
  m_MotionVectors: 1
  m_LightProbeUsage: 1
  m_ReflectionProbeUsage: 1
  m_Materials:
  - {fileID: 2100000, guid: e3614b053e3b0bd4b8efece8f50c21ad, type: 2}
  m_StaticBatchInfo:
    firstSubMesh: 0
    subMeshCount: 0
  m_StaticBatchRoot: {fileID: 0}
  m_ProbeAnchor: {fileID: 0}
  m_LightProbeVolumeOverride: {fileID: 0}
  m_ScaleInLightmap: 1
  m_PreserveUVs: 0
  m_IgnoreNormalsForChartDetection: 0
  m_ImportantGI: 0
  m_SelectedEditorRenderState: 3
  m_MinimumChartSize: 4
  m_AutoUVMaxDistance: 0.5
  m_AutoUVMaxAngle: 89
  m_LightmapParameters: {fileID: 0}
  m_SortingLayerID: 0
  m_SortingOrder: 0
--- !u!33 &1919406334
MeshFilter:
  m_ObjectHideFlags: 0
  m_PrefabParentObject: {fileID: 33000010851415662, guid: 90749889d87976143a9e21072d2434b4,
    type: 2}
  m_PrefabInternal: {fileID: 106253988}
  m_GameObject: {fileID: 1919406331}
  m_Mesh: {fileID: 4300000, guid: 20553dcf305b52a4e84f5e4f56e5afdc, type: 3}
--- !u!1 &1954879747
GameObject:
  m_ObjectHideFlags: 0
  m_PrefabParentObject: {fileID: 1000010136702736, guid: d379ed0a5618c9f479f58bd83a2d0ad3,
    type: 2}
  m_PrefabInternal: {fileID: 1967462905}
  serializedVersion: 5
  m_Component:
  - component: {fileID: 1954879749}
  - component: {fileID: 1954879748}
  m_Layer: 0
  m_Name: JoystickXZTranslationAxis
  m_TagString: Untagged
  m_Icon: {fileID: 0}
  m_NavMeshLayer: 0
  m_StaticEditorFlags: 0
  m_IsActive: 1
--- !u!114 &1954879748
MonoBehaviour:
  m_ObjectHideFlags: 0
  m_PrefabParentObject: {fileID: 114000011221680894, guid: d379ed0a5618c9f479f58bd83a2d0ad3,
    type: 2}
  m_PrefabInternal: {fileID: 1967462905}
  m_GameObject: {fileID: 1954879747}
  m_Enabled: 0
  m_EditorHideFlags: 0
  m_Script: {fileID: 11500000, guid: d1b627838df61e64baecc87fee2dec17, type: 3}
  m_Name: 
  m_EditorClassIdentifier: 
  SensitivityScale: 3
  axisType: 0
  buttonType: 21
  InputManagerHorizontalAxisName: RightStickHorizontal
  InputManagerVerticalAxisName: RightStickVertical
  Axis0Destination: 0
  Axis1Destination: 4
  Axis2Destination: 6
--- !u!4 &1954879749
Transform:
  m_ObjectHideFlags: 0
  m_PrefabParentObject: {fileID: 4000010085977160, guid: d379ed0a5618c9f479f58bd83a2d0ad3,
    type: 2}
  m_PrefabInternal: {fileID: 1967462905}
  m_GameObject: {fileID: 1954879747}
  m_LocalRotation: {x: -0, y: -0, z: -0, w: 1}
  m_LocalPosition: {x: 0, y: 0, z: 0}
  m_LocalScale: {x: 1, y: 1, z: 1}
  m_Children: []
  m_Father: {fileID: 809411720}
  m_RootOrder: 9
  m_LocalEulerAnglesHint: {x: 0, y: 0, z: 0}
--- !u!1001 &1967462905
Prefab:
  m_ObjectHideFlags: 0
  serializedVersion: 2
  m_Modification:
    m_TransformParent: {fileID: 0}
    m_Modifications:
    - target: {fileID: 4000010560871102, guid: d379ed0a5618c9f479f58bd83a2d0ad3, type: 2}
      propertyPath: m_LocalPosition.x
      value: 0
      objectReference: {fileID: 0}
    - target: {fileID: 4000010560871102, guid: d379ed0a5618c9f479f58bd83a2d0ad3, type: 2}
      propertyPath: m_LocalPosition.y
      value: 0
      objectReference: {fileID: 0}
    - target: {fileID: 4000010560871102, guid: d379ed0a5618c9f479f58bd83a2d0ad3, type: 2}
      propertyPath: m_LocalPosition.z
      value: 0
      objectReference: {fileID: 0}
    - target: {fileID: 4000010560871102, guid: d379ed0a5618c9f479f58bd83a2d0ad3, type: 2}
      propertyPath: m_LocalRotation.x
      value: 0
      objectReference: {fileID: 0}
    - target: {fileID: 4000010560871102, guid: d379ed0a5618c9f479f58bd83a2d0ad3, type: 2}
      propertyPath: m_LocalRotation.y
      value: 0
      objectReference: {fileID: 0}
    - target: {fileID: 4000010560871102, guid: d379ed0a5618c9f479f58bd83a2d0ad3, type: 2}
      propertyPath: m_LocalRotation.z
      value: 0
      objectReference: {fileID: 0}
    - target: {fileID: 4000010560871102, guid: d379ed0a5618c9f479f58bd83a2d0ad3, type: 2}
      propertyPath: m_LocalRotation.w
      value: 1
      objectReference: {fileID: 0}
    - target: {fileID: 4000010560871102, guid: d379ed0a5618c9f479f58bd83a2d0ad3, type: 2}
      propertyPath: m_RootOrder
      value: 6
      objectReference: {fileID: 0}
    m_RemovedComponents: []
  m_ParentPrefab: {fileID: 100100000, guid: d379ed0a5618c9f479f58bd83a2d0ad3, type: 2}
  m_RootGameObject: {fileID: 1626498836}
  m_IsPrefabParent: 0
--- !u!1 &2025523442
GameObject:
  m_ObjectHideFlags: 0
  m_PrefabParentObject: {fileID: 1000010419138632, guid: 3eddd1c29199313478dd3f912bfab2ab,
    type: 2}
  m_PrefabInternal: {fileID: 1722989860}
  serializedVersion: 5
  m_Component:
  - component: {fileID: 2025523443}
  - component: {fileID: 2025523444}
  m_Layer: 0
  m_Name: RawInteractionSources
  m_TagString: Untagged
  m_Icon: {fileID: 0}
  m_NavMeshLayer: 0
  m_StaticEditorFlags: 0
  m_IsActive: 1
--- !u!4 &2025523443
Transform:
  m_ObjectHideFlags: 0
  m_PrefabParentObject: {fileID: 4000013175961358, guid: 3eddd1c29199313478dd3f912bfab2ab,
    type: 2}
  m_PrefabInternal: {fileID: 1722989860}
  m_GameObject: {fileID: 2025523442}
  m_LocalRotation: {x: 0, y: 0, z: 0, w: 1}
  m_LocalPosition: {x: 0, y: 0, z: 0}
  m_LocalScale: {x: 1, y: 1, z: 1}
  m_Children: []
  m_Father: {fileID: 639222286}
  m_RootOrder: 0
  m_LocalEulerAnglesHint: {x: 0, y: 0, z: 0}
--- !u!114 &2025523444
MonoBehaviour:
  m_ObjectHideFlags: 0
  m_PrefabParentObject: {fileID: 114000010697249598, guid: 3eddd1c29199313478dd3f912bfab2ab,
    type: 2}
  m_PrefabInternal: {fileID: 1722989860}
  m_GameObject: {fileID: 2025523442}
  m_Enabled: 1
  m_EditorHideFlags: 0
  m_Script: {fileID: 11500000, guid: 73383145d055bef478097c80c114d2a4, type: 3}
  m_Name: 
  m_EditorClassIdentifier: 
--- !u!1 &2100337518
GameObject:
  m_ObjectHideFlags: 0
  m_PrefabParentObject: {fileID: 1000010722508446, guid: 3eddd1c29199313478dd3f912bfab2ab,
    type: 2}
  m_PrefabInternal: {fileID: 1722989860}
  serializedVersion: 5
  m_Component:
  - component: {fileID: 2100337519}
  - component: {fileID: 2100337520}
  m_Layer: 0
  m_Name: XYTranslationAxis
  m_TagString: Untagged
  m_Icon: {fileID: 0}
  m_NavMeshLayer: 0
  m_StaticEditorFlags: 0
  m_IsActive: 1
--- !u!4 &2100337519
Transform:
  m_ObjectHideFlags: 0
  m_PrefabParentObject: {fileID: 4000011352983594, guid: 3eddd1c29199313478dd3f912bfab2ab,
    type: 2}
  m_PrefabInternal: {fileID: 1722989860}
  m_GameObject: {fileID: 2100337518}
  m_LocalRotation: {x: 0, y: 0, z: 0, w: 1}
  m_LocalPosition: {x: 0, y: 0, z: 0}
  m_LocalScale: {x: 1, y: 1, z: 1}
  m_Children: []
  m_Father: {fileID: 398522347}
  m_RootOrder: 0
  m_LocalEulerAnglesHint: {x: 0, y: 0, z: 0}
--- !u!114 &2100337520
MonoBehaviour:
  m_ObjectHideFlags: 0
  m_PrefabParentObject: {fileID: 114000013582617810, guid: 3eddd1c29199313478dd3f912bfab2ab,
    type: 2}
  m_PrefabInternal: {fileID: 1722989860}
  m_GameObject: {fileID: 2100337518}
  m_Enabled: 1
  m_EditorHideFlags: 0
  m_Script: {fileID: 11500000, guid: d1b627838df61e64baecc87fee2dec17, type: 3}
  m_Name: 
  m_EditorClassIdentifier: 
  SensitivityScale: 1
  axisType: 11
  buttonType: 4
  InputManagerHorizontalAxisName: 
  InputManagerVerticalAxisName: 
  Axis0Destination: 3
  Axis1Destination: 0
  Axis2Destination: 6
--- !u!1001 &2107812361
Prefab:
  m_ObjectHideFlags: 0
  serializedVersion: 2
  m_Modification:
    m_TransformParent: {fileID: 0}
    m_Modifications:
    - target: {fileID: 4000010472796116, guid: 730f1ee216d682046871e9b19d634fcf, type: 2}
      propertyPath: m_LocalPosition.x
      value: -0.1
      objectReference: {fileID: 0}
    - target: {fileID: 4000010472796116, guid: 730f1ee216d682046871e9b19d634fcf, type: 2}
      propertyPath: m_LocalPosition.y
      value: 0.1
      objectReference: {fileID: 0}
    - target: {fileID: 4000010472796116, guid: 730f1ee216d682046871e9b19d634fcf, type: 2}
      propertyPath: m_LocalPosition.z
      value: 2.1
      objectReference: {fileID: 0}
    - target: {fileID: 4000010472796116, guid: 730f1ee216d682046871e9b19d634fcf, type: 2}
      propertyPath: m_LocalRotation.x
      value: 0
      objectReference: {fileID: 0}
    - target: {fileID: 4000010472796116, guid: 730f1ee216d682046871e9b19d634fcf, type: 2}
      propertyPath: m_LocalRotation.y
      value: 0
      objectReference: {fileID: 0}
    - target: {fileID: 4000010472796116, guid: 730f1ee216d682046871e9b19d634fcf, type: 2}
      propertyPath: m_LocalRotation.z
      value: 0
      objectReference: {fileID: 0}
    - target: {fileID: 4000010472796116, guid: 730f1ee216d682046871e9b19d634fcf, type: 2}
      propertyPath: m_LocalRotation.w
      value: 1
      objectReference: {fileID: 0}
    - target: {fileID: 4000010472796116, guid: 730f1ee216d682046871e9b19d634fcf, type: 2}
      propertyPath: m_RootOrder
      value: 5
      objectReference: {fileID: 0}
    - target: {fileID: 1000011564080456, guid: 730f1ee216d682046871e9b19d634fcf, type: 2}
      propertyPath: m_Name
      value: ModeTip
      objectReference: {fileID: 0}
    - target: {fileID: 1000011564080456, guid: 730f1ee216d682046871e9b19d634fcf, type: 2}
      propertyPath: m_TagString
      value: Untagged
      objectReference: {fileID: 0}
    - target: {fileID: 102000011853408772, guid: 730f1ee216d682046871e9b19d634fcf,
        type: 2}
      propertyPath: m_Color.rgba
      value: 4291377990
      objectReference: {fileID: 0}
    m_RemovedComponents: []
  m_ParentPrefab: {fileID: 100100000, guid: 730f1ee216d682046871e9b19d634fcf, type: 2}
  m_RootGameObject: {fileID: 2107812362}
  m_IsPrefabParent: 0
--- !u!1 &2107812362
GameObject:
  m_ObjectHideFlags: 0
  m_PrefabParentObject: {fileID: 1000011564080456, guid: 730f1ee216d682046871e9b19d634fcf,
    type: 2}
  m_PrefabInternal: {fileID: 2107812361}
  serializedVersion: 5
  m_Component:
  - component: {fileID: 2107812370}
  - component: {fileID: 2107812369}
  - component: {fileID: 2107812368}
  - component: {fileID: 2107812367}
  - component: {fileID: 2107812366}
  - component: {fileID: 2107812363}
  - component: {fileID: 2107812364}
  - component: {fileID: 2107812365}
  m_Layer: 0
  m_Name: ModeTip
  m_TagString: Untagged
  m_Icon: {fileID: 0}
  m_NavMeshLayer: 0
  m_StaticEditorFlags: 0
  m_IsActive: 1
--- !u!114 &2107812363
MonoBehaviour:
  m_ObjectHideFlags: 0
  m_PrefabParentObject: {fileID: 0}
  m_PrefabInternal: {fileID: 0}
  m_GameObject: {fileID: 2107812362}
  m_Enabled: 1
  m_EditorHideFlags: 0
  m_Script: {fileID: 11500000, guid: 1bb8b242cb424e04fac273bdb43b2506, type: 3}
  m_Name: 
  m_EditorClassIdentifier: 
--- !u!114 &2107812364
MonoBehaviour:
  m_ObjectHideFlags: 0
  m_PrefabParentObject: {fileID: 0}
  m_PrefabInternal: {fileID: 0}
  m_GameObject: {fileID: 2107812362}
  m_Enabled: 1
  m_EditorHideFlags: 0
  m_Script: {fileID: 11500000, guid: 1c655338633f4544180b3d90a593ac17, type: 3}
  m_Name: 
  m_EditorClassIdentifier: 
  TagalongDistance: 2
  EnforceDistance: 1
  PositionUpdateSpeed: 9.8
  SmoothMotion: 1
  SmoothingFactor: 0.75
  MinimumHorizontalOverlap: 0.1
  TargetHorizontalOverlap: 1
  MinimumVerticalOverlap: 0.1
  TargetVerticalOverlap: 1
  HorizontalRayCount: 3
  VerticalRayCount: 3
  MinimumTagalongDistance: 1
  MaintainFixedSize: 1
  DepthUpdateSpeed: 4
  DebugDrawLines: 0
  DebugPointLight: {fileID: 0}
--- !u!114 &2107812365
MonoBehaviour:
  m_ObjectHideFlags: 0
  m_PrefabParentObject: {fileID: 0}
  m_PrefabInternal: {fileID: 0}
  m_GameObject: {fileID: 2107812362}
  m_Enabled: 0
  m_EditorHideFlags: 0
  m_Script: {fileID: 11500000, guid: fb69de839bd015f4099b5bd2c45e53e5, type: 3}
  m_Name: 
  m_EditorClassIdentifier: 
  PositionPerSecond: 30
  RotationDegreesPerSecond: 720
  RotationSpeedScaler: 0
  ScalePerSecond: 5
  SmoothLerpToTarget: 0
  SmoothPositionLerpRatio: 0.5
  SmoothRotationLerpRatio: 0.5
  SmoothScaleLerpRatio: 0.5
--- !u!65 &2107812366
BoxCollider:
  m_ObjectHideFlags: 0
  m_PrefabParentObject: {fileID: 65000013874723076, guid: 730f1ee216d682046871e9b19d634fcf,
    type: 2}
  m_PrefabInternal: {fileID: 2107812361}
  m_GameObject: {fileID: 2107812362}
  m_Material: {fileID: 0}
  m_IsTrigger: 0
  m_Enabled: 1
  serializedVersion: 2
  m_Size: {x: 20.6, y: 4.46875, z: 0}
  m_Center: {x: 0, y: 0, z: 0}
--- !u!114 &2107812367
MonoBehaviour:
  m_ObjectHideFlags: 0
  m_PrefabParentObject: {fileID: 114000011655843006, guid: 730f1ee216d682046871e9b19d634fcf,
    type: 2}
  m_PrefabInternal: {fileID: 2107812361}
  m_GameObject: {fileID: 2107812362}
  m_Enabled: 1
  m_EditorHideFlags: 0
  m_Script: {fileID: 11500000, guid: 10cc78db8d893ec4b89b7c345d7b40fe, type: 3}
  m_Name: 
  m_EditorClassIdentifier: 
--- !u!102 &2107812368
TextMesh:
  serializedVersion: 3
  m_ObjectHideFlags: 0
  m_PrefabParentObject: {fileID: 102000011853408772, guid: 730f1ee216d682046871e9b19d634fcf,
    type: 2}
  m_PrefabInternal: {fileID: 2107812361}
  m_GameObject: {fileID: 2107812362}
  m_Text: Hello World
  m_OffsetZ: 0
  m_CharacterSize: 1
  m_LineSpacing: 1
  m_Anchor: 4
  m_Alignment: 1
  m_TabSize: 4
  m_FontSize: 40
  m_FontStyle: 0
  m_RichText: 1
  m_Font: {fileID: 10102, guid: 0000000000000000e000000000000000, type: 0}
  m_Color:
    serializedVersion: 2
    rgba: 4291377990
--- !u!23 &2107812369
MeshRenderer:
  m_ObjectHideFlags: 0
  m_PrefabParentObject: {fileID: 23000010408667898, guid: 730f1ee216d682046871e9b19d634fcf,
    type: 2}
  m_PrefabInternal: {fileID: 2107812361}
  m_GameObject: {fileID: 2107812362}
  m_Enabled: 1
  m_CastShadows: 0
  m_ReceiveShadows: 0
  m_MotionVectors: 1
  m_LightProbeUsage: 1
  m_ReflectionProbeUsage: 1
  m_Materials:
  - {fileID: 10100, guid: 0000000000000000e000000000000000, type: 0}
  m_StaticBatchInfo:
    firstSubMesh: 0
    subMeshCount: 0
  m_StaticBatchRoot: {fileID: 0}
  m_ProbeAnchor: {fileID: 0}
  m_LightProbeVolumeOverride: {fileID: 0}
  m_ScaleInLightmap: 1
  m_PreserveUVs: 0
  m_IgnoreNormalsForChartDetection: 0
  m_ImportantGI: 0
  m_SelectedEditorRenderState: 3
  m_MinimumChartSize: 4
  m_AutoUVMaxDistance: 0.5
  m_AutoUVMaxAngle: 89
  m_LightmapParameters: {fileID: 0}
  m_SortingLayerID: 0
  m_SortingOrder: 0
--- !u!4 &2107812370
Transform:
  m_ObjectHideFlags: 0
  m_PrefabParentObject: {fileID: 4000010472796116, guid: 730f1ee216d682046871e9b19d634fcf,
    type: 2}
  m_PrefabInternal: {fileID: 2107812361}
  m_GameObject: {fileID: 2107812362}
  m_LocalRotation: {x: 0, y: 0, z: 0, w: 1}
  m_LocalPosition: {x: -0.1, y: 0.1, z: 2.1}
  m_LocalScale: {x: 0.01, y: 0.01, z: 0.01}
  m_Children: []
  m_Father: {fileID: 0}
  m_RootOrder: 5
  m_LocalEulerAnglesHint: {x: 0, y: 0, z: 0}
--- !u!1 &2124281811
GameObject:
  m_ObjectHideFlags: 0
  m_PrefabParentObject: {fileID: 0}
  m_PrefabInternal: {fileID: 0}
  serializedVersion: 5
  m_Component:
  - component: {fileID: 2124281813}
  - component: {fileID: 2124281812}
  m_Layer: 0
  m_Name: Directional Light
  m_TagString: Untagged
  m_Icon: {fileID: 0}
  m_NavMeshLayer: 0
  m_StaticEditorFlags: 0
  m_IsActive: 1
--- !u!108 &2124281812
Light:
  m_ObjectHideFlags: 0
  m_PrefabParentObject: {fileID: 0}
  m_PrefabInternal: {fileID: 0}
  m_GameObject: {fileID: 2124281811}
  m_Enabled: 1
  serializedVersion: 7
  m_Type: 1
  m_Color: {r: 1, g: 0.95686275, b: 0.8392157, a: 1}
  m_Intensity: 1
  m_Range: 10
  m_SpotAngle: 30
  m_CookieSize: 10
  m_Shadows:
    m_Type: 2
    m_Resolution: -1
    m_CustomResolution: -1
    m_Strength: 1
    m_Bias: 0.05
    m_NormalBias: 0.4
    m_NearPlane: 0.2
  m_Cookie: {fileID: 0}
  m_DrawHalo: 0
  m_Flare: {fileID: 0}
  m_RenderMode: 0
  m_CullingMask:
    serializedVersion: 2
    m_Bits: 4294967295
  m_Lightmapping: 4
  m_AreaSize: {x: 1, y: 1}
  m_BounceIntensity: 1
  m_ShadowRadius: 0
  m_ShadowAngle: 0
--- !u!4 &2124281813
Transform:
  m_ObjectHideFlags: 0
  m_PrefabParentObject: {fileID: 0}
  m_PrefabInternal: {fileID: 0}
  m_GameObject: {fileID: 2124281811}
  m_LocalRotation: {x: 0.40821788, y: -0.23456968, z: 0.10938163, w: 0.8754261}
  m_LocalPosition: {x: 0, y: 3, z: 0}
  m_LocalScale: {x: 1, y: 1, z: 1}
  m_Children: []
  m_Father: {fileID: 0}
  m_RootOrder: 0
  m_LocalEulerAnglesHint: {x: 50, y: -30, z: 0}
